<?xml version="1.0" encoding="UTF-8"?><srw:searchRetrieveResponse xmlns:srw="http://www.loc.gov/zing/srw/" xmlns="http://catalogue.bnf.fr/namespaces/InterXMarc" xmlns:ixm="http://catalogue.bnf.fr/namespaces/InterXMarc" xmlns:mn="http://catalogue.bnf.fr/namespaces/motsnotices" xmlns:sd="http://www.loc.gov/zing/srw/diagnostic/">
<srw:version>1.2</srw:version>
<srw:echoedSearchRetrieveRequest>
<srw:version>1.2</srw:version>
<srw:query>bib.anywhere all "peter"</srw:query>
</srw:echoedSearchRetrieveRequest>
<srw:numberOfRecords>118425</srw:numberOfRecords>
<srw:records>
<srw:record>
<srw:recordSchema>marcxchange</srw:recordSchema>
<srw:recordPacking>xml</srw:recordPacking>
<srw:recordData>
<mxc:record xmlns:mxc="info:lc/xmlns/marcxchange-v2" format="UNIMARC" id="ark:/12148/cb43288550r" type="Bibliographic">
<mxc:leader>     ccm  22     3n 450 </mxc:leader>
<mxc:controlfield tag="001">FRBNF43288550000000X</mxc:controlfield>
<mxc:controlfield tag="003">http://catalogue.bnf.fr/ark:/12148/cb43288550r</mxc:controlfield>
<mxc:datafield tag="039" ind1=" " ind2=" ">
<mxc:subfield code="o">MUS</mxc:subfield>
<mxc:subfield code="a">FG053305490001PA</mxc:subfield>
</mxc:datafield>
<mxc:datafield tag="071" ind1="2" ind2="1">
<mxc:subfield code="a">CEKM 23</mxc:subfield>
</mxc:datafield>
<mxc:datafield tag="100" ind1=" " ind2=" ">
<mxc:subfield code="a">20110330d1973    u  y0frey50      ba</mxc:subfield>
</mxc:datafield>
<mxc:datafield tag="101" ind1="0" ind2=" ">
<mxc:subfield code="a">fre</mxc:subfield>
</mxc:datafield>
<mxc:datafield tag="102" ind1=" " ind2=" ">
<mxc:subfield code="a">XX</mxc:subfield>
</mxc:datafield>
<mxc:datafield tag="106" ind1=" " ind2=" ">
<mxc:subfield code="a">r</mxc:subfield>
</mxc:datafield>
<mxc:datafield tag="128" ind1=" " ind2=" ">
<mxc:subfield code="a">uu </mxc:subfield>
</mxc:datafield>
<mxc:datafield tag="181" ind1=" " ind2="0">
<mxc:subfield code="6">01</mxc:subfield>
<mxc:subfield code="a">d </mxc:subfield>
<mxc:subfield code="b">axxe  </mxc:subfield>
</mxc:datafield>
<mxc:datafield tag="181" ind1=" " ind2=" ">
<mxc:subfield code="6">02</mxc:subfield>
<mxc:subfield code="c">ntm</mxc:subfield>
<mxc:subfield code="2">rdacontent</mxc:subfield>
</mxc:datafield>
<mxc:datafield tag="182" ind1=" " ind2="0">
<mxc:subfield code="6">01</mxc:subfield>
<mxc:subfield code="a">n</mxc:subfield>
</mxc:datafield>
<mxc:datafield tag="182" ind1=" " ind2=" ">
<mxc:subfield code="6">02</mxc:subfield>
<mxc:subfield code="c">n</mxc:subfield>
<mxc:subfield code="2">rdamedia</mxc:subfield>
</mxc:datafield>
<mxc:datafield tag="200" ind1="1" ind2=" ">
<mxc:subfield code="a">Delphin Strunck and Peter Mohrhardt. Original compositions for organ, edited by Willi Apel</mxc:subfield>
<mxc:subfield code="b">Musique imprimée</mxc:subfield>
</mxc:datafield>
<mxc:datafield tag="210" ind1=" " ind2=" ">
<mxc:subfield code="a">[S.l.]</mxc:subfield>
<mxc:subfield code="c">American institute of musicology</mxc:subfield>
<mxc:subfield code="d">1973</mxc:subfield>
</mxc:datafield>
<mxc:datafield tag="215" ind1=" " ind2=" ">
<mxc:subfield code="a">In-4°, XI-101 p.</mxc:subfield>
</mxc:datafield>
<mxc:datafield tag="225" ind1="|" ind2=" ">
<mxc:subfield code="a">Corpus of early Keyboard music</mxc:subfield>
<mxc:subfield code="v">23</mxc:subfield>
</mxc:datafield>
<mxc:datafield tag="410" ind1=" " ind2="0">
<mxc:subfield code="0">39633327</mxc:subfield>
<mxc:subfield code="t">Corpus of early keyboard music</mxc:subfield>
<mxc:subfield code="v">23</mxc:subfield>
</mxc:datafield>
<mxc:datafield tag="610" ind1="0" ind2=" ">
<mxc:subfield code="a">Orgue, Musique d' (17e siècle)</mxc:subfield>
</mxc:datafield>
<mxc:datafield tag="700" ind1=" " ind2="|">
<mxc:subfield code="3">16430263</mxc:subfield>
<mxc:subfield code="a">Strunck</mxc:subfield>
<mxc:subfield code="b">Delphin</mxc:subfield>
<mxc:subfield code="4">230</mxc:subfield>
</mxc:datafield>
<mxc:datafield tag="702" ind1=" " ind2="|">
<mxc:subfield code="3">12123765</mxc:subfield>
<mxc:subfield code="o">ISNI0000000110321949</mxc:subfield>
<mxc:subfield code="a">Apel</mxc:subfield>
<mxc:subfield code="b">Willi</mxc:subfield>
<mxc:subfield code="f">1893-1988</mxc:subfield>
<mxc:subfield code="4">340</mxc:subfield>
</mxc:datafield>
<mxc:datafield tag="801" ind1=" " ind2="0">
<mxc:subfield code="a">FR</mxc:subfield>
<mxc:subfield code="b">FR-751131015</mxc:subfield>
<mxc:subfield code="c">20110330</mxc:subfield>
<mxc:subfield code="g">AFNOR</mxc:subfield>
<mxc:subfield code="h">FRBNF43288550000000X</mxc:subfield>
<mxc:subfield code="2">intermrc</mxc:subfield>
</mxc:datafield>
<mxc:datafield tag="930" ind1=" " ind2=" ">
<mxc:subfield code="5">FR-751021003:43288550001001</mxc:subfield>
<mxc:subfield code="a">VMA-1595 (23)</mxc:subfield>
<mxc:subfield code="b">759999999</mxc:subfield>
<mxc:subfield code="c">Richelieu - Musique - Libre accès</mxc:subfield>
<mxc:subfield code="d">N</mxc:subfield>
</mxc:datafield>
</mxc:record>      </srw:recordData>
<srw:recordIdentifier>ark:/12148/cb43288550r</srw:recordIdentifier>
<srw:recordPosition>1</srw:recordPosition>
<srw:extraRecordData>
<ixm:attr name="CreationDate">20130105</ixm:attr>
<ixm:attr name="LastModificationDate">20160404</ixm:attr>
<mn:score>4.6301847</mn:score>
</srw:extraRecordData>
</srw:record>