
<srw:record>
<srw:recordSchema>marcxchange</srw:recordSchema>
<srw:recordPacking>xml</srw:recordPacking>
<srw:recordData>
<mxc:record xmlns:mxc="info:lc/xmlns/marcxchange-v2" format="UNIMARC" id="ark:/12148/cb37982912h" type="Bibliographic">
<mxc:leader>     njm  22     3n 450 </mxc:leader>
<mxc:controlfield tag="001">FRBNF379829120000009</mxc:controlfield>
<mxc:controlfield tag="003">http://catalogue.bnf.fr/ark:/12148/cb37982912h</mxc:controlfield>
<mxc:datafield tag="039" ind1=" " ind2=" ">
<mxc:subfield code="o">OPR</mxc:subfield>
<mxc:subfield code="a">R02213460</mxc:subfield>
</mxc:datafield>
<mxc:datafield tag="071" ind1="0" ind2="1">
<mxc:subfield code="b">Philips</mxc:subfield>
<mxc:subfield code="a">6369915</mxc:subfield>
</mxc:datafield>
<mxc:datafield tag="100" ind1=" " ind2=" ">
<mxc:subfield code="a">20021001d19..    u  y0frey50      ba</mxc:subfield>
</mxc:datafield>
<mxc:datafield tag="101" ind1="0" ind2=" ">
<mxc:subfield code="a">und</mxc:subfield>
</mxc:datafield>
<mxc:datafield tag="102" ind1=" " ind2=" ">
<mxc:subfield code="a">XX</mxc:subfield>
</mxc:datafield>
<mxc:datafield tag="126" ind1=" " ind2=" ">
<mxc:subfield code="a">auubuxx||||||z|</mxc:subfield>
<mxc:subfield code="b">bux</mxc:subfield>
</mxc:datafield>
<mxc:datafield tag="181" ind1=" " ind2="0">
<mxc:subfield code="6">01</mxc:subfield>
<mxc:subfield code="a">d </mxc:subfield>
<mxc:subfield code="b">bxxa  </mxc:subfield>
</mxc:datafield>
<mxc:datafield tag="181" ind1=" " ind2=" ">
<mxc:subfield code="6">02</mxc:subfield>
<mxc:subfield code="c">prm</mxc:subfield>
<mxc:subfield code="2">rdacontent</mxc:subfield>
</mxc:datafield>
<mxc:datafield tag="182" ind1=" " ind2="0">
<mxc:subfield code="6">01</mxc:subfield>
<mxc:subfield code="a">a</mxc:subfield>
</mxc:datafield>
<mxc:datafield tag="182" ind1=" " ind2=" ">
<mxc:subfield code="6">02</mxc:subfield>
<mxc:subfield code="c">s</mxc:subfield>
<mxc:subfield code="2">rdamedia</mxc:subfield>
</mxc:datafield>
<mxc:datafield tag="200" ind1="1" ind2=" ">
<mxc:subfield code="a">PAWN HEARTS</mxc:subfield>
<mxc:subfield code="b">Enregistrement sonore</mxc:subfield>
<mxc:subfield code="f">VAN DER GRAAF GENERATOR</mxc:subfield>
</mxc:datafield>
<mxc:datafield tag="210" ind1=" " ind2=" ">
<mxc:subfield code="a">[S.l.]</mxc:subfield>
<mxc:subfield code="c">[s.n.]</mxc:subfield>
<mxc:subfield code="d">[s.d.]</mxc:subfield>
</mxc:datafield>
<mxc:datafield tag="215" ind1=" " ind2=" ">
<mxc:subfield code="a">1 disque</mxc:subfield>
<mxc:subfield code="c">33 t, stéréo compat.</mxc:subfield>
<mxc:subfield code="d">30 cm</mxc:subfield>
</mxc:datafield>
<mxc:datafield tag="464" ind1=" " ind2="1">
<mxc:subfield code="t">LEMMINGS</mxc:subfield>
<mxc:subfield code="f">HAMMILL (Peter)</mxc:subfield>
</mxc:datafield>
<mxc:datafield tag="464" ind1=" " ind2="1">
<mxc:subfield code="t">MAN-ERG</mxc:subfield>
<mxc:subfield code="f">HAMMILL (Peter)</mxc:subfield>
</mxc:datafield>
<mxc:datafield tag="464" ind1=" " ind2="1">
<mxc:subfield code="t">A PLAGUE OF LIGHTHOUSE-KEEPERS</mxc:subfield>
<mxc:subfield code="o">"EYEWITNESS"</mxc:subfield>
<mxc:subfield code="f">HAMMILL (Peter)</mxc:subfield>
</mxc:datafield>
<mxc:datafield tag="464" ind1=" " ind2="1">
<mxc:subfield code="t">PICTURES/LIGHTHOUSE</mxc:subfield>
<mxc:subfield code="f">HAMMILL (Peter), BANTON (Hugh), JACKSON (David)</mxc:subfield>
</mxc:datafield>
<mxc:datafield tag="464" ind1=" " ind2="1">
<mxc:subfield code="t">EYEWITNESS</mxc:subfield>
<mxc:subfield code="f">HAMMILL (Peter)</mxc:subfield>
</mxc:datafield>
<mxc:datafield tag="464" ind1=" " ind2="1">
<mxc:subfield code="t">S.H.M.</mxc:subfield>
<mxc:subfield code="f">HAMMILL (Peter)</mxc:subfield>
</mxc:datafield>
<mxc:datafield tag="464" ind1=" " ind2="1">
<mxc:subfield code="t">PRESENCE OF THE NIGHT</mxc:subfield>
<mxc:subfield code="f">HAMMILL (Peter)</mxc:subfield>
</mxc:datafield>
<mxc:datafield tag="464" ind1=" " ind2="1">
<mxc:subfield code="t">KOSMOS TOURS</mxc:subfield>
<mxc:subfield code="f">HAMMILL (Peter), EVANS (Guy)</mxc:subfield>
</mxc:datafield>
<mxc:datafield tag="464" ind1=" " ind2="1">
<mxc:subfield code="t">(CUSTARD'S) LAST STAND</mxc:subfield>
<mxc:subfield code="f">HAMMILL (Peter)</mxc:subfield>
</mxc:datafield>
<mxc:datafield tag="464" ind1=" " ind2="1">
<mxc:subfield code="t">THE CLOT THICKENS</mxc:subfield>
<mxc:subfield code="f">HAMMILL (Peter), BAND</mxc:subfield>
</mxc:datafield>
<mxc:datafield tag="464" ind1=" " ind2="1">
<mxc:subfield code="t">LAND'S END</mxc:subfield>
<mxc:subfield code="f">HAMMILL (Peter), JACKSON (David)</mxc:subfield>
</mxc:datafield>
<mxc:datafield tag="464" ind1=" " ind2="1">
<mxc:subfield code="t">WE GO NOW</mxc:subfield>
<mxc:subfield code="f">HAMMILL (Peter), JACKSON (David), BANTON (Hugh)</mxc:subfield>
</mxc:datafield>
<mxc:datafield tag="702" ind1=" " ind2="|">
<mxc:subfield code="3">13894933</mxc:subfield>
<mxc:subfield code="o">ISNI0000000078230421</mxc:subfield>
<mxc:subfield code="a">Hammill</mxc:subfield>
<mxc:subfield code="b">Peter</mxc:subfield>
<mxc:subfield code="f">1948-....</mxc:subfield>
<mxc:subfield code="4">570</mxc:subfield>
</mxc:datafield>
<mxc:datafield tag="712" ind1="0" ind2="2">
<mxc:subfield code="3">13907275</mxc:subfield>
<mxc:subfield code="o">ISNI0000000121886179</mxc:subfield>
<mxc:subfield code="a">Van der Graaf generator</mxc:subfield>
<mxc:subfield code="4">590</mxc:subfield>
</mxc:datafield>
<mxc:datafield tag="716" ind1=" " ind2=" ">
<mxc:subfield code="3">13876885</mxc:subfield>
<mxc:subfield code="a">Philips</mxc:subfield>
</mxc:datafield>
<mxc:datafield tag="801" ind1=" " ind2="0">
<mxc:subfield code="a">FR</mxc:subfield>
<mxc:subfield code="b">FR-751131015</mxc:subfield>
<mxc:subfield code="c">20021001</mxc:subfield>
<mxc:subfield code="g">AFNOR</mxc:subfield>
<mxc:subfield code="h">FRBNF379829120000009</mxc:subfield>
<mxc:subfield code="2">intermrc</mxc:subfield>
</mxc:datafield>
<mxc:datafield tag="930" ind1=" " ind2=" ">
<mxc:subfield code="5">FR-759999999:37982912001001</mxc:subfield>
<mxc:subfield code="a">BSU/73-161</mxc:subfield>
<mxc:subfield code="b">759999999</mxc:subfield>
<mxc:subfield code="c">Tolbiac - Rez de Jardin - Audiovisuel - Magasin</mxc:subfield>
<mxc:subfield code="d">O</mxc:subfield>
</mxc:datafield>
</mxc:record>      </srw:recordData>
<srw:recordIdentifier>ark:/12148/cb37982912h</srw:recordIdentifier>
<srw:recordPosition>8</srw:recordPosition>
<srw:extraRecordData>
<ixm:attr name="CreationDate">19971114</ixm:attr>
<ixm:attr name="LastModificationDate">20110303</ixm:attr>
<mn:score>4.522248</mn:score>
</srw:extraRecordData>
</srw:record>