
<srw:record>
<srw:recordSchema>marcxchange</srw:recordSchema>
<srw:recordPacking>xml</srw:recordPacking>
<srw:recordData>
<mxc:record xmlns:mxc="info:lc/xmlns/marcxchange-v2" format="UNIMARC" id="ark:/12148/cb40290424s" type="Bibliographic">
<mxc:leader>     nkm  22        450 </mxc:leader>
<mxc:controlfield tag="001">FRBNF402904240000006</mxc:controlfield>
<mxc:controlfield tag="003">http://catalogue.bnf.fr/ark:/12148/cb40290424s</mxc:controlfield>
<mxc:datafield tag="039" ind1=" " ind2=" ">
<mxc:subfield code="o">OPB</mxc:subfield>
<mxc:subfield code="a">000472790</mxc:subfield>
</mxc:datafield>
<mxc:datafield tag="100" ind1=" " ind2=" ">
<mxc:subfield code="a">19960227d1994    u  y0frey50      ba</mxc:subfield>
</mxc:datafield>
<mxc:datafield tag="101" ind1="0" ind2=" ">
<mxc:subfield code="a">fre</mxc:subfield>
</mxc:datafield>
<mxc:datafield tag="102" ind1=" " ind2=" ">
<mxc:subfield code="a">FR</mxc:subfield>
</mxc:datafield>
<mxc:datafield tag="116" ind1=" " ind2=" ">
<mxc:subfield code="a">i||uxx||||bh||||xx</mxc:subfield>
</mxc:datafield>
<mxc:datafield tag="181" ind1=" " ind2="0">
<mxc:subfield code="6">01</mxc:subfield>
<mxc:subfield code="a">b </mxc:subfield>
<mxc:subfield code="b">xb2e  </mxc:subfield>
</mxc:datafield>
<mxc:datafield tag="181" ind1=" " ind2=" ">
<mxc:subfield code="6">02</mxc:subfield>
<mxc:subfield code="c">sti</mxc:subfield>
<mxc:subfield code="2">rdacontent</mxc:subfield>
</mxc:datafield>
<mxc:datafield tag="182" ind1=" " ind2="0">
<mxc:subfield code="6">01</mxc:subfield>
<mxc:subfield code="a">n</mxc:subfield>
</mxc:datafield>
<mxc:datafield tag="182" ind1=" " ind2=" ">
<mxc:subfield code="6">02</mxc:subfield>
<mxc:subfield code="c">n</mxc:subfield>
<mxc:subfield code="2">rdamedia</mxc:subfield>
</mxc:datafield>
<mxc:datafield tag="200" ind1="1" ind2=" ">
<mxc:subfield code="a">Série Normandy</mxc:subfield>
<mxc:subfield code="b">Image fixe</mxc:subfield>
<mxc:subfield code="e">[estampe]</mxc:subfield>
<mxc:subfield code="f">[Peter Ross Bond. 1994] [au v.]</mxc:subfield>
</mxc:datafield>
<mxc:datafield tag="210" ind1=" " ind2=" ">
<mxc:subfield code="a">[S.l.]</mxc:subfield>
<mxc:subfield code="c">[Peter Ross Bond]</mxc:subfield>
<mxc:subfield code="d">[1994]</mxc:subfield>
</mxc:datafield>
<mxc:datafield tag="215" ind1=" " ind2=" ">
<mxc:subfield code="a">5 est.</mxc:subfield>
<mxc:subfield code="c">eau-forte</mxc:subfield>
<mxc:subfield code="d">28,5 x 38 cm (4 ff.) ; 38 x 28,5 cm (1 f.)</mxc:subfield>
</mxc:datafield>
<mxc:datafield tag="300" ind1=" " ind2=" ">
<mxc:subfield code="a">Les 5 gravures font partie d'une série de 9 pl.</mxc:subfield>
</mxc:datafield>
<mxc:datafield tag="305" ind1=" " ind2=" ">
<mxc:subfield code="a">Epreuve d'artiste</mxc:subfield>
</mxc:datafield>
<mxc:datafield tag="316" ind1=" " ind2=" ">
<mxc:subfield code="5">FR-751021001:40290424001001</mxc:subfield>
</mxc:datafield>
<mxc:datafield tag="608" ind1=" " ind2=" ">
<mxc:subfield code="a">Effacement</mxc:subfield>
<mxc:subfield code="2">frTICO</mxc:subfield>
</mxc:datafield>
<mxc:datafield tag="608" ind1=" " ind2=" ">
<mxc:subfield code="a">Paysages</mxc:subfield>
<mxc:subfield code="z">Depuis 1990</mxc:subfield>
<mxc:subfield code="2">frTICO</mxc:subfield>
</mxc:datafield>
<mxc:datafield tag="700" ind1=" " ind2="|">
<mxc:subfield code="3">14961269</mxc:subfield>
<mxc:subfield code="a">Bond</mxc:subfield>
<mxc:subfield code="b">Peter Ross</mxc:subfield>
<mxc:subfield code="f">1952-....</mxc:subfield>
<mxc:subfield code="4">350</mxc:subfield>
</mxc:datafield>
<mxc:datafield tag="702" ind1=" " ind2="|">
<mxc:subfield code="3">14961269</mxc:subfield>
<mxc:subfield code="a">Bond</mxc:subfield>
<mxc:subfield code="b">Peter Ross</mxc:subfield>
<mxc:subfield code="f">1952-....</mxc:subfield>
<mxc:subfield code="4">650</mxc:subfield>
</mxc:datafield>
<mxc:datafield tag="702" ind1=" " ind2="|">
<mxc:subfield code="3">14961269</mxc:subfield>
<mxc:subfield code="a">Bond</mxc:subfield>
<mxc:subfield code="b">Peter Ross</mxc:subfield>
<mxc:subfield code="f">1952-....</mxc:subfield>
<mxc:subfield code="4">610</mxc:subfield>
</mxc:datafield>
<mxc:datafield tag="801" ind1=" " ind2="0">
<mxc:subfield code="a">FR</mxc:subfield>
<mxc:subfield code="b">FR-751131015</mxc:subfield>
<mxc:subfield code="c">19960227</mxc:subfield>
<mxc:subfield code="g">AFNOR</mxc:subfield>
<mxc:subfield code="h">FRBNF402904240000006</mxc:subfield>
<mxc:subfield code="2">intermrc</mxc:subfield>
</mxc:datafield>
<mxc:datafield tag="930" ind1=" " ind2=" ">
<mxc:subfield code="5">FR-751021001:40290424001001</mxc:subfield>
<mxc:subfield code="a">CF20-1 (BOND, Peter Ross)-BOITE FOL</mxc:subfield>
<mxc:subfield code="b">759999999</mxc:subfield>
<mxc:subfield code="c">Richelieu - Estampes et photographie - Magasin</mxc:subfield>
<mxc:subfield code="d">N</mxc:subfield>
</mxc:datafield>
</mxc:record>      </srw:recordData>
<srw:recordIdentifier>ark:/12148/cb40290424s</srw:recordIdentifier>
<srw:recordPosition>12</srw:recordPosition>
<srw:extraRecordData>
<ixm:attr name="CreationDate">19960227</ixm:attr>
<ixm:attr name="LastModificationDate">20091222</ixm:attr>
<mn:score>4.513794</mn:score>
</srw:extraRecordData>
</srw:record>