
<srw:record>
<srw:recordSchema>marcxchange</srw:recordSchema>
<srw:recordPacking>xml</srw:recordPacking>
<srw:recordData>
<mxc:record xmlns:mxc="info:lc/xmlns/marcxchange-v2" format="UNIMARC" id="ark:/12148/cb38168114s" type="Bibliographic">
<mxc:leader>     ngm  22        450 </mxc:leader>
<mxc:controlfield tag="001">FRBNF38168114000000X</mxc:controlfield>
<mxc:controlfield tag="003">http://catalogue.bnf.fr/ark:/12148/cb38168114s</mxc:controlfield>
<mxc:datafield tag="039" ind1=" " ind2=" ">
<mxc:subfield code="o">OPC</mxc:subfield>
<mxc:subfield code="a">000786110</mxc:subfield>
</mxc:datafield>
<mxc:datafield tag="100" ind1=" " ind2=" ">
<mxc:subfield code="a">19901213d1990       y0frey50      ba</mxc:subfield>
</mxc:datafield>
<mxc:datafield tag="101" ind1="0" ind2=" ">
<mxc:subfield code="a">fre</mxc:subfield>
</mxc:datafield>
<mxc:datafield tag="102" ind1=" " ind2=" ">
<mxc:subfield code="a">FR</mxc:subfield>
</mxc:datafield>
<mxc:datafield tag="115" ind1=" " ind2=" ">
<mxc:subfield code="a">c   zah||||||||c||||</mxc:subfield>
</mxc:datafield>
<mxc:datafield tag="181" ind1=" " ind2="0">
<mxc:subfield code="6">01</mxc:subfield>
<mxc:subfield code="a">b </mxc:subfield>
<mxc:subfield code="b">xa2e  </mxc:subfield>
</mxc:datafield>
<mxc:datafield tag="181" ind1=" " ind2=" ">
<mxc:subfield code="6">02</mxc:subfield>
<mxc:subfield code="c">tdi</mxc:subfield>
<mxc:subfield code="2">rdacontent</mxc:subfield>
</mxc:datafield>
<mxc:datafield tag="182" ind1=" " ind2="0">
<mxc:subfield code="6">01</mxc:subfield>
<mxc:subfield code="a">g</mxc:subfield>
</mxc:datafield>
<mxc:datafield tag="182" ind1=" " ind2=" ">
<mxc:subfield code="6">02</mxc:subfield>
<mxc:subfield code="c">v</mxc:subfield>
<mxc:subfield code="2">rdamedia</mxc:subfield>
</mxc:datafield>
<mxc:datafield tag="200" ind1="1" ind2=" ">
<mxc:subfield code="a">BNP</mxc:subfield>
<mxc:subfield code="b">Images animées</mxc:subfield>
<mxc:subfield code="e">PEP</mxc:subfield>
<mxc:subfield code="i">Le PEP BNP</mxc:subfield>
<mxc:subfield code="f">Peter Suschitzky, réal., photo</mxc:subfield>
<mxc:subfield code="g">Gérard Tuloux, concept. </mxc:subfield>
<mxc:subfield code="g">Michel Girard, dir. art.</mxc:subfield>
</mxc:datafield>
<mxc:datafield tag="210" ind1=" " ind2=" ">
<mxc:subfield code="a">[Paris]</mxc:subfield>
<mxc:subfield code="c">[Banque nationale de Paris [prod.]]</mxc:subfield>
<mxc:subfield code="a">[[S.l.]]</mxc:subfield>
<mxc:subfield code="c">[[s.n.] [distrib.]]</mxc:subfield>
<mxc:subfield code="d">[1989 (1re diffusion)]</mxc:subfield>
</mxc:datafield>
<mxc:datafield tag="215" ind1=" " ind2=" ">
<mxc:subfield code="a">1 cass. vidéo (U-Matic) (45 s)</mxc:subfield>
<mxc:subfield code="c">coul. (PAL)</mxc:subfield>
</mxc:datafield>
<mxc:datafield tag="300" ind1=" " ind2=" ">
<mxc:subfield code="a">Première diffusion du spot le 15-12-1989</mxc:subfield>
</mxc:datafield>
<mxc:datafield tag="300" ind1=" " ind2=" ">
<mxc:subfield code="a">Prod. exécutif : Franco american films</mxc:subfield>
</mxc:datafield>
<mxc:datafield tag="316" ind1=" " ind2=" ">
<mxc:subfield code="5">FR-759999999:38168114001001</mxc:subfield>
</mxc:datafield>
<mxc:datafield tag="601" ind1="|" ind2="|">
<mxc:subfield code="3">11862356</mxc:subfield>
<mxc:subfield code="a">Banque nationale de Paris</mxc:subfield>
<mxc:subfield code="2">rameau</mxc:subfield>
</mxc:datafield>
<mxc:datafield tag="608" ind1=" " ind2=" ">
<mxc:subfield code="a">institutionnel</mxc:subfield>
<mxc:subfield code="2">frTAV</mxc:subfield>
</mxc:datafield>
<mxc:datafield tag="608" ind1=" " ind2=" ">
<mxc:subfield code="a">publicité</mxc:subfield>
<mxc:subfield code="2">frTAV</mxc:subfield>
</mxc:datafield>
<mxc:datafield tag="702" ind1=" " ind2="|">
<mxc:subfield code="3">13989873</mxc:subfield>
<mxc:subfield code="o">ISNI0000000121382587</mxc:subfield>
<mxc:subfield code="a">Suschitzky</mxc:subfield>
<mxc:subfield code="b">Peter</mxc:subfield>
<mxc:subfield code="f">1941-....</mxc:subfield>
<mxc:subfield code="4">300</mxc:subfield>
</mxc:datafield>
<mxc:datafield tag="702" ind1=" " ind2="|">
<mxc:subfield code="3">14142293</mxc:subfield>
<mxc:subfield code="a">Tuloux</mxc:subfield>
<mxc:subfield code="b">Gérard</mxc:subfield>
<mxc:subfield code="4">245</mxc:subfield>
</mxc:datafield>
<mxc:datafield tag="702" ind1=" " ind2=" ">
<mxc:subfield code="3">14101530</mxc:subfield>
<mxc:subfield code="a">Girard</mxc:subfield>
<mxc:subfield code="b">Michel</mxc:subfield>
<mxc:subfield code="4">632</mxc:subfield>
</mxc:datafield>
<mxc:datafield tag="702" ind1=" " ind2=" ">
<mxc:subfield code="3">13989873</mxc:subfield>
<mxc:subfield code="o">ISNI0000000121382587</mxc:subfield>
<mxc:subfield code="a">Suschitzky</mxc:subfield>
<mxc:subfield code="b">Peter</mxc:subfield>
<mxc:subfield code="f">1941-....</mxc:subfield>
<mxc:subfield code="4">600</mxc:subfield>
</mxc:datafield>
<mxc:datafield tag="712" ind1="0" ind2="2">
<mxc:subfield code="3">11862356</mxc:subfield>
<mxc:subfield code="o">ISNI0000000109433951</mxc:subfield>
<mxc:subfield code="a">Banque nationale de Paris</mxc:subfield>
<mxc:subfield code="4">630</mxc:subfield>
</mxc:datafield>
<mxc:datafield tag="712" ind1="0" ind2="2">
<mxc:subfield code="3">13926626</mxc:subfield>
<mxc:subfield code="a">Ecom</mxc:subfield>
<mxc:subfield code="4">650</mxc:subfield>
</mxc:datafield>
<mxc:datafield tag="801" ind1=" " ind2="0">
<mxc:subfield code="a">FR</mxc:subfield>
<mxc:subfield code="b">FR-751131015</mxc:subfield>
<mxc:subfield code="c">19901213</mxc:subfield>
<mxc:subfield code="g">AFNOR</mxc:subfield>
<mxc:subfield code="h">FRBNF38168114000000X</mxc:subfield>
<mxc:subfield code="2">intermrc</mxc:subfield>
</mxc:datafield>
<mxc:datafield tag="930" ind1=" " ind2=" ">
<mxc:subfield code="5">FR-759999999:38168114001001</mxc:subfield>
<mxc:subfield code="a">VK-9731</mxc:subfield>
<mxc:subfield code="b">759999999</mxc:subfield>
<mxc:subfield code="c">Tolbiac - Rez de Jardin - Audiovisuel - Magasin</mxc:subfield>
<mxc:subfield code="d">O</mxc:subfield>
</mxc:datafield>
<mxc:datafield tag="930" ind1=" " ind2=" ">
<mxc:subfield code="5">FR-759999999:38168114002001</mxc:subfield>
<mxc:subfield code="a">NUMAV-19012</mxc:subfield>
<mxc:subfield code="b">759999999</mxc:subfield>
<mxc:subfield code="c">Tolbiac - Rez de Jardin - Audiovisuel - Magasin</mxc:subfield>
<mxc:subfield code="d">O</mxc:subfield>
</mxc:datafield>
</mxc:record>      </srw:recordData>
<srw:recordIdentifier>ark:/12148/cb38168114s</srw:recordIdentifier>
<srw:recordPosition>15</srw:recordPosition>
<srw:extraRecordData>
<ixm:attr name="CreationDate">19901213</ixm:attr>
<ixm:attr name="LastModificationDate">20130516</ixm:attr>
<mn:score>4.5023546</mn:score>
</srw:extraRecordData>
</srw:record>