
<srw:record>
<srw:recordSchema>marcxchange</srw:recordSchema>
<srw:recordPacking>xml</srw:recordPacking>
<srw:recordData>
<mxc:record xmlns:mxc="info:lc/xmlns/marcxchange-v2" format="UNIMARC" id="ark:/12148/cb40289961b" type="Bibliographic">
<mxc:leader>     nkm  22        450 </mxc:leader>
<mxc:controlfield tag="001">FRBNF402899610000004</mxc:controlfield>
<mxc:controlfield tag="003">http://catalogue.bnf.fr/ark:/12148/cb40289961b</mxc:controlfield>
<mxc:datafield tag="039" ind1=" " ind2=" ">
<mxc:subfield code="o">OPB</mxc:subfield>
<mxc:subfield code="a">000467610</mxc:subfield>
</mxc:datafield>
<mxc:datafield tag="100" ind1=" " ind2=" ">
<mxc:subfield code="a">19900327d1991    u  y0frey50      ba</mxc:subfield>
</mxc:datafield>
<mxc:datafield tag="101" ind1="0" ind2=" ">
<mxc:subfield code="a">fre</mxc:subfield>
</mxc:datafield>
<mxc:datafield tag="102" ind1=" " ind2=" ">
<mxc:subfield code="a">FR</mxc:subfield>
</mxc:datafield>
<mxc:datafield tag="116" ind1=" " ind2=" ">
<mxc:subfield code="a">i||ual||||bhbk||xx</mxc:subfield>
</mxc:datafield>
<mxc:datafield tag="181" ind1=" " ind2="0">
<mxc:subfield code="6">01</mxc:subfield>
<mxc:subfield code="a">b </mxc:subfield>
<mxc:subfield code="b">xb2e  </mxc:subfield>
</mxc:datafield>
<mxc:datafield tag="181" ind1=" " ind2=" ">
<mxc:subfield code="6">02</mxc:subfield>
<mxc:subfield code="c">sti</mxc:subfield>
<mxc:subfield code="2">rdacontent</mxc:subfield>
</mxc:datafield>
<mxc:datafield tag="182" ind1=" " ind2="0">
<mxc:subfield code="6">01</mxc:subfield>
<mxc:subfield code="a">n</mxc:subfield>
</mxc:datafield>
<mxc:datafield tag="182" ind1=" " ind2=" ">
<mxc:subfield code="6">02</mxc:subfield>
<mxc:subfield code="c">n</mxc:subfield>
<mxc:subfield code="2">rdamedia</mxc:subfield>
</mxc:datafield>
<mxc:datafield tag="200" ind1="1" ind2=" ">
<mxc:subfield code="a">Hands</mxc:subfield>
<mxc:subfield code="b">Image fixe</mxc:subfield>
<mxc:subfield code="e">[estampe]</mxc:subfield>
<mxc:subfield code="f">Peter Bond 1991</mxc:subfield>
</mxc:datafield>
<mxc:datafield tag="210" ind1=" " ind2=" ">
<mxc:subfield code="a">[S.l.]</mxc:subfield>
<mxc:subfield code="c">[Peter Bond]</mxc:subfield>
<mxc:subfield code="d">[1991]</mxc:subfield>
</mxc:datafield>
<mxc:datafield tag="215" ind1=" " ind2=" ">
<mxc:subfield code="a">1 est.</mxc:subfield>
<mxc:subfield code="c">eau-forte, réhaussée à la gouache sur zinc</mxc:subfield>
<mxc:subfield code="d">56,5 x 38 cm (f.)</mxc:subfield>
</mxc:datafield>
<mxc:datafield tag="300" ind1=" " ind2=" ">
<mxc:subfield code="a">Titre à la gouache sur épr.</mxc:subfield>
</mxc:datafield>
<mxc:datafield tag="305" ind1=" " ind2=" ">
<mxc:subfield code="a">Tirage : épreuve unique</mxc:subfield>
</mxc:datafield>
<mxc:datafield tag="316" ind1=" " ind2=" ">
<mxc:subfield code="5">FR-751021001:40289961001001</mxc:subfield>
</mxc:datafield>
<mxc:datafield tag="606" ind1=" " ind2=" ">
<mxc:subfield code="3">11955509</mxc:subfield>
<mxc:subfield code="a">Main</mxc:subfield>
<mxc:subfield code="2">rameau</mxc:subfield>
</mxc:datafield>
<mxc:datafield tag="608" ind1=" " ind2=" ">
<mxc:subfield code="a">Etudes et recherches</mxc:subfield>
<mxc:subfield code="z">Depuis 1990</mxc:subfield>
<mxc:subfield code="2">frTICO</mxc:subfield>
</mxc:datafield>
<mxc:datafield tag="700" ind1=" " ind2="|">
<mxc:subfield code="3">14961269</mxc:subfield>
<mxc:subfield code="a">Bond</mxc:subfield>
<mxc:subfield code="b">Peter Ross</mxc:subfield>
<mxc:subfield code="f">1952-....</mxc:subfield>
<mxc:subfield code="4">350</mxc:subfield>
</mxc:datafield>
<mxc:datafield tag="702" ind1=" " ind2="|">
<mxc:subfield code="3">14961269</mxc:subfield>
<mxc:subfield code="a">Bond</mxc:subfield>
<mxc:subfield code="b">Peter Ross</mxc:subfield>
<mxc:subfield code="f">1952-....</mxc:subfield>
<mxc:subfield code="4">650</mxc:subfield>
</mxc:datafield>
<mxc:datafield tag="702" ind1=" " ind2="|">
<mxc:subfield code="3">14961269</mxc:subfield>
<mxc:subfield code="a">Bond</mxc:subfield>
<mxc:subfield code="b">Peter Ross</mxc:subfield>
<mxc:subfield code="f">1952-....</mxc:subfield>
<mxc:subfield code="4">610</mxc:subfield>
</mxc:datafield>
<mxc:datafield tag="801" ind1=" " ind2="0">
<mxc:subfield code="a">FR</mxc:subfield>
<mxc:subfield code="b">FR-751131015</mxc:subfield>
<mxc:subfield code="c">19900327</mxc:subfield>
<mxc:subfield code="g">AFNOR</mxc:subfield>
<mxc:subfield code="h">FRBNF402899610000004</mxc:subfield>
<mxc:subfield code="2">intermrc</mxc:subfield>
</mxc:datafield>
<mxc:datafield tag="930" ind1=" " ind2=" ">
<mxc:subfield code="5">FR-751021001:40289961001001</mxc:subfield>
<mxc:subfield code="a">CF20-1 (BOND, Peter Ross)-BOITE FOL</mxc:subfield>
<mxc:subfield code="b">759999999</mxc:subfield>
<mxc:subfield code="c">Richelieu - Estampes et photographie - Magasin</mxc:subfield>
<mxc:subfield code="d">N</mxc:subfield>
</mxc:datafield>
</mxc:record>      </srw:recordData>
<srw:recordIdentifier>ark:/12148/cb40289961b</srw:recordIdentifier>
<srw:recordPosition>19</srw:recordPosition>
<srw:extraRecordData>
<ixm:attr name="CreationDate">19900327</ixm:attr>
<ixm:attr name="LastModificationDate">20091222</ixm:attr>
<mn:score>4.4961014</mn:score>
</srw:extraRecordData>
</srw:record>