
<srw:record>
<srw:recordSchema>marcxchange</srw:recordSchema>
<srw:recordPacking>xml</srw:recordPacking>
<srw:recordData>
<mxc:record xmlns:mxc="info:lc/xmlns/marcxchange-v2" format="UNIMARC" id="ark:/12148/cb436768528" type="Bibliographic">
<mxc:leader>     cjm  22     3  450 </mxc:leader>
<mxc:controlfield tag="001">FRBNF436768520000009</mxc:controlfield>
<mxc:controlfield tag="003">http://catalogue.bnf.fr/ark:/12148/cb436768528</mxc:controlfield>
<mxc:datafield tag="020" ind1=" " ind2=" ">
<mxc:subfield code="a">FR</mxc:subfield>
<mxc:subfield code="b">71408276</mxc:subfield>
</mxc:datafield>
<mxc:datafield tag="071" ind1="0" ind2="1">
<mxc:subfield code="b">Gramola</mxc:subfield>
<mxc:subfield code="a">99013</mxc:subfield>
<mxc:subfield code="c">coffret</mxc:subfield>
</mxc:datafield>
<mxc:datafield tag="073" ind1=" " ind2="0">
<mxc:subfield code="a">9003643990135</mxc:subfield>
</mxc:datafield>
<mxc:datafield tag="100" ind1=" " ind2=" ">
<mxc:subfield code="a">20130925d2013    u  y0frey50      ba</mxc:subfield>
</mxc:datafield>
<mxc:datafield tag="101" ind1="0" ind2=" ">
<mxc:subfield code="a">ger</mxc:subfield>
</mxc:datafield>
<mxc:datafield tag="102" ind1=" " ind2=" ">
<mxc:subfield code="a">AT</mxc:subfield>
</mxc:datafield>
<mxc:datafield tag="126" ind1=" " ind2=" ">
<mxc:subfield code="a">aguxhxx||||||cd</mxc:subfield>
<mxc:subfield code="b">bex</mxc:subfield>
</mxc:datafield>
<mxc:datafield tag="181" ind1=" " ind2="0">
<mxc:subfield code="6">01</mxc:subfield>
<mxc:subfield code="a">d </mxc:subfield>
<mxc:subfield code="b">bxxa  </mxc:subfield>
<mxc:subfield code="a">h </mxc:subfield>
<mxc:subfield code="b">xxxa  </mxc:subfield>
</mxc:datafield>
<mxc:datafield tag="181" ind1=" " ind2=" ">
<mxc:subfield code="6">02</mxc:subfield>
<mxc:subfield code="c">prm</mxc:subfield>
<mxc:subfield code="c">spw</mxc:subfield>
<mxc:subfield code="2">rdacontent</mxc:subfield>
</mxc:datafield>
<mxc:datafield tag="182" ind1=" " ind2="0">
<mxc:subfield code="6">01</mxc:subfield>
<mxc:subfield code="a">a</mxc:subfield>
</mxc:datafield>
<mxc:datafield tag="182" ind1=" " ind2=" ">
<mxc:subfield code="6">02</mxc:subfield>
<mxc:subfield code="c">s</mxc:subfield>
<mxc:subfield code="2">rdamedia</mxc:subfield>
</mxc:datafield>
<mxc:datafield tag="200" ind1="1" ind2=" ">
<mxc:subfield code="a">Liebesträume - Todesahnung</mxc:subfield>
<mxc:subfield code="b">Enregistrement sonore</mxc:subfield>
<mxc:subfield code="f">Frédéric Chopin, Robert Schumann... [et al.], comp.</mxc:subfield>
<mxc:subfield code="g">Rainer Maria Rilke... [et al.], aut.</mxc:subfield>
<mxc:subfield code="g">Eva Lingens, p</mxc:subfield>
<mxc:subfield code="g">Peter Michael Lingens, voix</mxc:subfield>
</mxc:datafield>
<mxc:datafield tag="210" ind1=" " ind2=" ">
<mxc:subfield code="a">[Autriche]</mxc:subfield>
<mxc:subfield code="c">Gramola</mxc:subfield>
<mxc:subfield code="a">[France]</mxc:subfield>
<mxc:subfield code="c">[distrib. Abeille musique]</mxc:subfield>
<mxc:subfield code="d">P 2013</mxc:subfield>
</mxc:datafield>
<mxc:datafield tag="215" ind1=" " ind2=" ">
<mxc:subfield code="a">1 disque compact (1 h 20 min 47 s)</mxc:subfield>
<mxc:subfield code="c">Stereo DDD</mxc:subfield>
<mxc:subfield code="e">1 brochure</mxc:subfield>
</mxc:datafield>
<mxc:datafield tag="305" ind1=" " ind2=" ">
<mxc:subfield code="a">Enregistrement : (Espagne) Marbella, Sala Andalucia, 20120000</mxc:subfield>
</mxc:datafield>
<mxc:datafield tag="306" ind1=" " ind2=" ">
<mxc:subfield code="a">Prod. : Gramola, P 2013</mxc:subfield>
</mxc:datafield>
<mxc:datafield tag="316" ind1=" " ind2=" ">
<mxc:subfield code="5">FR-759999999:43676852001001</mxc:subfield>
</mxc:datafield>
<mxc:datafield tag="464" ind1=" " ind2="1">
<mxc:subfield code="t">Nocturne b-Moll op. 9/1 (5 min 18 s)</mxc:subfield>
<mxc:subfield code="f">Frédéric Chopin, comp.</mxc:subfield>
</mxc:datafield>
<mxc:datafield tag="464" ind1=" " ind2="1">
<mxc:subfield code="t">Einleitende Worte (57 s)</mxc:subfield>
<mxc:subfield code="f">Peter Michael Lingens, aut.</mxc:subfield>
</mxc:datafield>
<mxc:datafield tag="464" ind1=" " ind2="1">
<mxc:subfield code="t">Widmung (4 min 32 s)</mxc:subfield>
<mxc:subfield code="f">Robert Schumann, comp.</mxc:subfield>
<mxc:subfield code="g">Franz Liszt, arr.</mxc:subfield>
</mxc:datafield>
<mxc:datafield tag="464" ind1=" " ind2="1">
<mxc:subfield code="t">Liebes-Lied (1 min 22 s)</mxc:subfield>
<mxc:subfield code="f">Rainer Maria Rilke, aut.</mxc:subfield>
</mxc:datafield>
<mxc:datafield tag="464" ind1=" " ind2="1">
<mxc:subfield code="t">Im namen der Liebe (37 s)</mxc:subfield>
<mxc:subfield code="f">Peter Turini, aut.</mxc:subfield>
</mxc:datafield>
<mxc:datafield tag="464" ind1=" " ind2="1">
<mxc:subfield code="t">Einfach so (1 min 16 s)</mxc:subfield>
<mxc:subfield code="f">Peter Michael Lingens, aut.</mxc:subfield>
</mxc:datafield>
<mxc:datafield tag="464" ind1=" " ind2="1">
<mxc:subfield code="t">Liebesträume, Nr. 3. As-Dur (4 min 38 s)</mxc:subfield>
<mxc:subfield code="f">Franz Liszt, comp.</mxc:subfield>
</mxc:datafield>
<mxc:datafield tag="464" ind1=" " ind2="1">
<mxc:subfield code="t">Der Tod der Geliebten (1 min 21 s)</mxc:subfield>
<mxc:subfield code="f">Rainer Maria Rilke, aut.</mxc:subfield>
</mxc:datafield>
<mxc:datafield tag="464" ind1=" " ind2="1">
<mxc:subfield code="t">Tod einer Freundin (1 min 48 s)</mxc:subfield>
<mxc:subfield code="f">Peter Michael Lingens, aut.</mxc:subfield>
</mxc:datafield>
<mxc:datafield tag="464" ind1=" " ind2="1">
<mxc:subfield code="t">Isoldes Liebestod (6 min 16)</mxc:subfield>
<mxc:subfield code="f">Richard Wagner, comp.</mxc:subfield>
<mxc:subfield code="g">Franz Liszt, arr.</mxc:subfield>
</mxc:datafield>
<mxc:datafield tag="464" ind1=" " ind2="1">
<mxc:subfield code="t">Die Liebende</mxc:subfield>
<mxc:subfield code="f">Rainer Maria Rilke, aut. (1 min 42 s)</mxc:subfield>
</mxc:datafield>
<mxc:datafield tag="464" ind1=" " ind2="1">
<mxc:subfield code="t">Fortan (43 s)</mxc:subfield>
<mxc:subfield code="f">Peter Turini, aut.</mxc:subfield>
</mxc:datafield>
<mxc:datafield tag="464" ind1=" " ind2="1">
<mxc:subfield code="t">Impromptus Es-Dur op. 90/2 (5 min 24 s)</mxc:subfield>
<mxc:subfield code="f">Franz Schubert, comp.</mxc:subfield>
</mxc:datafield>
<mxc:datafield tag="464" ind1=" " ind2="1">
<mxc:subfield code="t">Hab keine Angst (1 min 49 s)</mxc:subfield>
<mxc:subfield code="f">Peter Michael Lingens, aut.</mxc:subfield>
</mxc:datafield>
<mxc:datafield tag="464" ind1=" " ind2="1">
<mxc:subfield code="t">Impromptu cis-Moll, op. 66 "Fantaisie-impromptu" (5 min 32 s)</mxc:subfield>
<mxc:subfield code="f">Frédéric Chopin, comp.</mxc:subfield>
</mxc:datafield>
<mxc:datafield tag="464" ind1=" " ind2="1">
<mxc:subfield code="t">Heute Früh bin ich aufgeschreckt (1 min 46 s)</mxc:subfield>
<mxc:subfield code="f">Peter Michael Lingens, aut.</mxc:subfield>
</mxc:datafield>
<mxc:datafield tag="464" ind1=" " ind2="1">
<mxc:subfield code="t">Schlussstück (27 s)</mxc:subfield>
<mxc:subfield code="f">Rainer Maria Rilke, aut.</mxc:subfield>
</mxc:datafield>
<mxc:datafield tag="464" ind1=" " ind2="1">
<mxc:subfield code="t">Der Ölbaum-Garten (2 min 27 s)</mxc:subfield>
<mxc:subfield code="f">Rainer Maria Rilke, aut.</mxc:subfield>
</mxc:datafield>
<mxc:datafield tag="464" ind1=" " ind2="1">
<mxc:subfield code="t">Sonate, op. 1 (10 min 59 s)</mxc:subfield>
<mxc:subfield code="f">Alban Berg, comp.</mxc:subfield>
</mxc:datafield>
<mxc:datafield tag="464" ind1=" " ind2="1">
<mxc:subfield code="t">Ein Blick auf Dich (30 s)</mxc:subfield>
<mxc:subfield code="f">Peter Turini, aut.</mxc:subfield>
</mxc:datafield>
<mxc:datafield tag="464" ind1=" " ind2="1">
<mxc:subfield code="t">Im Mittelpunkt deiner Augen (24 s)</mxc:subfield>
<mxc:subfield code="f">Peter Turini, aut.</mxc:subfield>
</mxc:datafield>
<mxc:datafield tag="464" ind1=" " ind2="1">
<mxc:subfield code="t">Wenn du gehst (41 s)</mxc:subfield>
<mxc:subfield code="f">Peter Turini, aut.</mxc:subfield>
</mxc:datafield>
<mxc:datafield tag="464" ind1=" " ind2="1">
<mxc:subfield code="t">Mundwanderungen (47 s)</mxc:subfield>
<mxc:subfield code="f">Peter Turini, aut.</mxc:subfield>
</mxc:datafield>
<mxc:datafield tag="464" ind1=" " ind2="1">
<mxc:subfield code="t">Ich möchte diese Berührung (19 s)</mxc:subfield>
<mxc:subfield code="f">Peter Turini, aut.</mxc:subfield>
</mxc:datafield>
<mxc:datafield tag="464" ind1=" " ind2="1">
<mxc:subfield code="t">Nocturne Es-Dur op. 9/2 (4 min 01 s)</mxc:subfield>
<mxc:subfield code="f">Frédéric Chopin, comp.</mxc:subfield>
</mxc:datafield>
<mxc:datafield tag="464" ind1=" " ind2="1">
<mxc:subfield code="t">Wenn ich dich anrufe (47 s)</mxc:subfield>
<mxc:subfield code="f">Peter Turini, aut.</mxc:subfield>
</mxc:datafield>
<mxc:datafield tag="464" ind1=" " ind2="1">
<mxc:subfield code="t">Ich versuche, Dich mir abzugewohnen (1 min 36 s)</mxc:subfield>
<mxc:subfield code="f">Peter Michael Lingens, aut.</mxc:subfield>
</mxc:datafield>
<mxc:datafield tag="464" ind1=" " ind2="1">
<mxc:subfield code="t">Tage mit Dir (28 s)</mxc:subfield>
<mxc:subfield code="f">Peter Turini, aut.</mxc:subfield>
</mxc:datafield>
<mxc:datafield tag="464" ind1=" " ind2="1">
<mxc:subfield code="t">Tage ohne mich (1 min 20 s)</mxc:subfield>
<mxc:subfield code="f">Peter Michael Lingens, aut.</mxc:subfield>
</mxc:datafield>
<mxc:datafield tag="464" ind1=" " ind2="1">
<mxc:subfield code="t">Rhapsodie g-Moll op.79/2 (7 min 02 s)</mxc:subfield>
<mxc:subfield code="f">Johannes Brahms, comp.</mxc:subfield>
</mxc:datafield>
<mxc:datafield tag="464" ind1=" " ind2="1">
<mxc:subfield code="t">Du stürmst in das Zimmer (32 s)</mxc:subfield>
<mxc:subfield code="f">Peter Turini, aut.</mxc:subfield>
</mxc:datafield>
<mxc:datafield tag="464" ind1=" " ind2="1">
<mxc:subfield code="t">Im Kaffeehaus (31 s)</mxc:subfield>
<mxc:subfield code="f">Peter Turini, aut.</mxc:subfield>
</mxc:datafield>
<mxc:datafield tag="464" ind1=" " ind2="1">
<mxc:subfield code="t">Wir werden der Nacht (23 s)</mxc:subfield>
<mxc:subfield code="f">Peter Turini, aut.</mxc:subfield>
</mxc:datafield>
<mxc:datafield tag="464" ind1=" " ind2="1">
<mxc:subfield code="t">Solange die Existenz (12 s)</mxc:subfield>
<mxc:subfield code="f">Peter Turini, aut.</mxc:subfield>
</mxc:datafield>
<mxc:datafield tag="464" ind1=" " ind2="1">
<mxc:subfield code="t">Waltz no. 6 in d-flat major, op. 64, no. 1</mxc:subfield>
<mxc:subfield code="o">"Minutenwalzer" (2 min 02 s)</mxc:subfield>
<mxc:subfield code="f">Frédéric Chopin, comp.</mxc:subfield>
</mxc:datafield>
<mxc:datafield tag="608" ind1=" " ind2=" ">
<mxc:subfield code="a">musique instrumentale soliste</mxc:subfield>
<mxc:subfield code="2">frTAV</mxc:subfield>
</mxc:datafield>
<mxc:datafield tag="608" ind1=" " ind2=" ">
<mxc:subfield code="a">musique classique</mxc:subfield>
<mxc:subfield code="2">frTAV</mxc:subfield>
</mxc:datafield>
<mxc:datafield tag="608" ind1=" " ind2=" ">
<mxc:subfield code="a">enregistrement parlé</mxc:subfield>
<mxc:subfield code="2">frTAV</mxc:subfield>
</mxc:datafield>
<mxc:datafield tag="608" ind1=" " ind2=" ">
<mxc:subfield code="a">édition phonographique</mxc:subfield>
<mxc:subfield code="2">frTAV</mxc:subfield>
</mxc:datafield>
<mxc:datafield tag="608" ind1=" " ind2=" ">
<mxc:subfield code="a">anthologie ou récital</mxc:subfield>
<mxc:subfield code="2">frTAV</mxc:subfield>
</mxc:datafield>
<mxc:datafield tag="608" ind1=" " ind2=" ">
<mxc:subfield code="a">Oeuvre d'origine : oeuvre musicale</mxc:subfield>
<mxc:subfield code="2">frTAV</mxc:subfield>
</mxc:datafield>
<mxc:datafield tag="608" ind1=" " ind2=" ">
<mxc:subfield code="a">Oeuvre d'origine : poésie</mxc:subfield>
<mxc:subfield code="2">frTAV</mxc:subfield>
</mxc:datafield>
<mxc:datafield tag="620" ind1="3" ind2="1">
<mxc:subfield code="a">es</mxc:subfield>
<mxc:subfield code="d">Marbella</mxc:subfield>
<mxc:subfield code="e">Sala Andalucia</mxc:subfield>
<mxc:subfield code="f">20120000</mxc:subfield>
</mxc:datafield>
<mxc:datafield tag="686" ind1=" " ind2=" ">
<mxc:subfield code="a">104</mxc:subfield>
<mxc:subfield code="2">Cadre de classement de la Bibliographie nationale française</mxc:subfield>
</mxc:datafield>
<mxc:datafield tag="702" ind1=" " ind2="|">
<mxc:subfield code="3">13892469</mxc:subfield>
<mxc:subfield code="o">ISNI0000000121385649</mxc:subfield>
<mxc:subfield code="a">Chopin</mxc:subfield>
<mxc:subfield code="b">Frédéric</mxc:subfield>
<mxc:subfield code="f">1810-1849</mxc:subfield>
<mxc:subfield code="4">230</mxc:subfield>
</mxc:datafield>
<mxc:datafield tag="702" ind1=" " ind2="|">
<mxc:subfield code="3">13899567</mxc:subfield>
<mxc:subfield code="o">ISNI0000000120955419</mxc:subfield>
<mxc:subfield code="a">Schumann</mxc:subfield>
<mxc:subfield code="b">Robert</mxc:subfield>
<mxc:subfield code="f">1810-1856</mxc:subfield>
<mxc:subfield code="4">230</mxc:subfield>
</mxc:datafield>
<mxc:datafield tag="702" ind1=" " ind2="|">
<mxc:subfield code="3">13091626</mxc:subfield>
<mxc:subfield code="o">ISNI0000000121312247</mxc:subfield>
<mxc:subfield code="a">Rilke</mxc:subfield>
<mxc:subfield code="b">Rainer Maria</mxc:subfield>
<mxc:subfield code="f">1875-1926</mxc:subfield>
<mxc:subfield code="4">070</mxc:subfield>
</mxc:datafield>
<mxc:datafield tag="702" ind1=" " ind2="|">
<mxc:subfield code="3">12141032</mxc:subfield>
<mxc:subfield code="o">ISNI0000000109227357</mxc:subfield>
<mxc:subfield code="a">Lingens</mxc:subfield>
<mxc:subfield code="b">Peter Michael</mxc:subfield>
<mxc:subfield code="f">1939-....</mxc:subfield>
<mxc:subfield code="4">550</mxc:subfield>
<mxc:subfield code="4">vre</mxc:subfield>
</mxc:datafield>
<mxc:datafield tag="702" ind1=" " ind2="|">
<mxc:subfield code="3">16762947</mxc:subfield>
<mxc:subfield code="a">Lingens</mxc:subfield>
<mxc:subfield code="b">Eva</mxc:subfield>
<mxc:subfield code="4">545</mxc:subfield>
<mxc:subfield code="4">kpf</mxc:subfield>
</mxc:datafield>
<mxc:datafield tag="716" ind1=" " ind2=" ">
<mxc:subfield code="3">13852394</mxc:subfield>
<mxc:subfield code="a">Gramola</mxc:subfield>
</mxc:datafield>
<mxc:datafield tag="801" ind1=" " ind2="0">
<mxc:subfield code="a">FR</mxc:subfield>
<mxc:subfield code="b">FR-751131015</mxc:subfield>
<mxc:subfield code="c">20130925</mxc:subfield>
<mxc:subfield code="g">AFNOR</mxc:subfield>
<mxc:subfield code="h">FRBNF436768520000009</mxc:subfield>
<mxc:subfield code="2">intermrc</mxc:subfield>
</mxc:datafield>
<mxc:datafield tag="930" ind1=" " ind2=" ">
<mxc:subfield code="5">FR-759999999:43676852001001</mxc:subfield>
<mxc:subfield code="a">SDC 12-292342</mxc:subfield>
<mxc:subfield code="b">759999999</mxc:subfield>
<mxc:subfield code="c">Tolbiac - Rez de Jardin - Audiovisuel - Magasin</mxc:subfield>
<mxc:subfield code="d">O</mxc:subfield>
</mxc:datafield>
<mxc:datafield tag="930" ind1=" " ind2=" ">
<mxc:subfield code="5">FR-759999999:43676852002001</mxc:subfield>
<mxc:subfield code="a">NUMAV-965430</mxc:subfield>
<mxc:subfield code="b">759999999</mxc:subfield>
<mxc:subfield code="c">Tolbiac - Rez de Jardin - Audiovisuel - Magasin</mxc:subfield>
<mxc:subfield code="d">O</mxc:subfield>
</mxc:datafield>
</mxc:record>      </srw:recordData>
<srw:recordIdentifier>ark:/12148/cb436768528</srw:recordIdentifier>
<srw:recordPosition>28</srw:recordPosition>
<srw:extraRecordData>
<ixm:attr name="CreationDate">20130925</ixm:attr>
<ixm:attr name="LastModificationDate">20140717</ixm:attr>
<mn:score>4.4791617</mn:score>
</srw:extraRecordData>
</srw:record>