
<srw:record>
<srw:recordSchema>marcxchange</srw:recordSchema>
<srw:recordPacking>xml</srw:recordPacking>
<srw:recordData>
<mxc:record xmlns:mxc="info:lc/xmlns/marcxchange-v2" format="UNIMARC" id="ark:/12148/cb38237599d" type="Bibliographic">
<mxc:leader>     njm  22        450 </mxc:leader>
<mxc:controlfield tag="001">FRBNF382375990000006</mxc:controlfield>
<mxc:controlfield tag="003">http://catalogue.bnf.fr/ark:/12148/cb38237599d</mxc:controlfield>
<mxc:datafield tag="039" ind1=" " ind2=" ">
<mxc:subfield code="o">OPC</mxc:subfield>
<mxc:subfield code="a">001501950</mxc:subfield>
</mxc:datafield>
<mxc:datafield tag="071" ind1="0" ind2="1">
<mxc:subfield code="b">Hypérion</mxc:subfield>
<mxc:subfield code="a">CDA66643</mxc:subfield>
<mxc:subfield code="c">Boite</mxc:subfield>
</mxc:datafield>
<mxc:datafield tag="073" ind1=" " ind2="0">
<mxc:subfield code="a">034571166438</mxc:subfield>
</mxc:datafield>
<mxc:datafield tag="100" ind1=" " ind2=" ">
<mxc:subfield code="a">19930806d1993    u  y0frey50      ba</mxc:subfield>
</mxc:datafield>
<mxc:datafield tag="101" ind1="0" ind2=" ">
<mxc:subfield code="a">lat</mxc:subfield>
</mxc:datafield>
<mxc:datafield tag="102" ind1=" " ind2=" ">
<mxc:subfield code="a">GB</mxc:subfield>
</mxc:datafield>
<mxc:datafield tag="126" ind1=" " ind2=" ">
<mxc:subfield code="a">aguxhxx||||||zd</mxc:subfield>
<mxc:subfield code="b">bex</mxc:subfield>
</mxc:datafield>
<mxc:datafield tag="128" ind1=" " ind2=" ">
<mxc:subfield code="b">ca  </mxc:subfield>
<mxc:subfield code="b">ke  </mxc:subfield>
</mxc:datafield>
<mxc:datafield tag="145" ind1="|" ind2=" ">
<mxc:subfield code="c">uucmi   </mxc:subfield>
</mxc:datafield>
<mxc:datafield tag="145" ind1="|" ind2=" ">
<mxc:subfield code="b">uumco   </mxc:subfield>
</mxc:datafield>
<mxc:datafield tag="181" ind1=" " ind2="0">
<mxc:subfield code="6">01</mxc:subfield>
<mxc:subfield code="a">d </mxc:subfield>
<mxc:subfield code="b">bxxa  </mxc:subfield>
</mxc:datafield>
<mxc:datafield tag="181" ind1=" " ind2=" ">
<mxc:subfield code="6">02</mxc:subfield>
<mxc:subfield code="c">prm</mxc:subfield>
<mxc:subfield code="2">rdacontent</mxc:subfield>
</mxc:datafield>
<mxc:datafield tag="182" ind1=" " ind2="0">
<mxc:subfield code="6">01</mxc:subfield>
<mxc:subfield code="a">a</mxc:subfield>
</mxc:datafield>
<mxc:datafield tag="182" ind1=" " ind2=" ">
<mxc:subfield code="6">02</mxc:subfield>
<mxc:subfield code="c">s</mxc:subfield>
<mxc:subfield code="2">rdamedia</mxc:subfield>
</mxc:datafield>
<mxc:datafield tag="200" ind1="1" ind2=" ">
<mxc:subfield code="a">Motets</mxc:subfield>
<mxc:subfield code="b">Enregistrement sonore</mxc:subfield>
<mxc:subfield code="f">Peter Philips</mxc:subfield>
<mxc:subfield code="g">Choir of Winchester Cathedral</mxc:subfield>
<mxc:subfield code="g">The Parley of instruments</mxc:subfield>
<mxc:subfield code="g">David Hill, dir</mxc:subfield>
</mxc:datafield>
<mxc:datafield tag="210" ind1=" " ind2=" ">
<mxc:subfield code="a">[London]</mxc:subfield>
<mxc:subfield code="c">[Hypérion Records Ltd]</mxc:subfield>
<mxc:subfield code="a">[Arles]</mxc:subfield>
<mxc:subfield code="c">[distrib. Harmonia mundi France]</mxc:subfield>
<mxc:subfield code="d">[1993 (P)]</mxc:subfield>
</mxc:datafield>
<mxc:datafield tag="215" ind1=" " ind2=" ">
<mxc:subfield code="a">1 disque compact (1 h 01 min 27 s)</mxc:subfield>
<mxc:subfield code="c">DDD</mxc:subfield>
<mxc:subfield code="e">Brochure (19 p ; 12 cm)</mxc:subfield>
</mxc:datafield>
<mxc:datafield tag="225" ind1="1" ind2=" ">
<mxc:subfield code="a">The English Orpheus</mxc:subfield>
<mxc:subfield code="v">17</mxc:subfield>
</mxc:datafield>
<mxc:datafield tag="300" ind1=" " ind2=" ">
<mxc:subfield code="a">Texte des chants avec trad. en anglais</mxc:subfield>
</mxc:datafield>
<mxc:datafield tag="300" ind1=" " ind2=" ">
<mxc:subfield code="a">London : prod. Hypérion records Ltd, P 1993</mxc:subfield>
</mxc:datafield>
<mxc:datafield tag="303" ind1=" " ind2=" ">
<mxc:subfield code="a">Notice / Holman, Peter</mxc:subfield>
</mxc:datafield>
<mxc:datafield tag="305" ind1=" " ind2=" ">
<mxc:subfield code="a">Enregistrement : (Grande-Bretagne) Winchester, Cathedral, 19921117 - 19921120</mxc:subfield>
</mxc:datafield>
<mxc:datafield tag="316" ind1=" " ind2=" ">
<mxc:subfield code="5">FR-759999999:38237599001001</mxc:subfield>
</mxc:datafield>
<mxc:datafield tag="608" ind1=" " ind2=" ">
<mxc:subfield code="a">musique vocale avec choeur</mxc:subfield>
<mxc:subfield code="2">frTAV</mxc:subfield>
</mxc:datafield>
<mxc:datafield tag="608" ind1=" " ind2=" ">
<mxc:subfield code="a">musique classique</mxc:subfield>
<mxc:subfield code="2">frTAV</mxc:subfield>
</mxc:datafield>
<mxc:datafield tag="608" ind1=" " ind2=" ">
<mxc:subfield code="a">musique baroque (1600-1750)</mxc:subfield>
<mxc:subfield code="2">frTAV</mxc:subfield>
</mxc:datafield>
<mxc:datafield tag="608" ind1=" " ind2=" ">
<mxc:subfield code="a">musique sacrée</mxc:subfield>
<mxc:subfield code="2">frTAV</mxc:subfield>
</mxc:datafield>
<mxc:datafield tag="620" ind1="3" ind2="1">
<mxc:subfield code="a">gb</mxc:subfield>
<mxc:subfield code="d">Winchester</mxc:subfield>
<mxc:subfield code="e">Cathedral</mxc:subfield>
<mxc:subfield code="f">19921117</mxc:subfield>
<mxc:subfield code="f">19921120</mxc:subfield>
</mxc:datafield>
<mxc:datafield tag="700" ind1=" " ind2="|">
<mxc:subfield code="3">13898447</mxc:subfield>
<mxc:subfield code="o">ISNI0000000109062003</mxc:subfield>
<mxc:subfield code="a">Philips</mxc:subfield>
<mxc:subfield code="b">Peter</mxc:subfield>
<mxc:subfield code="f">1560?-1628</mxc:subfield>
<mxc:subfield code="4">230</mxc:subfield>
</mxc:datafield>
<mxc:datafield tag="702" ind1=" " ind2="|">
<mxc:subfield code="3">13895212</mxc:subfield>
<mxc:subfield code="o">ISNI0000000114767120</mxc:subfield>
<mxc:subfield code="a">Hill</mxc:subfield>
<mxc:subfield code="b">David</mxc:subfield>
<mxc:subfield code="f">1957-.... </mxc:subfield>
<mxc:subfield code="4">250</mxc:subfield>
</mxc:datafield>
<mxc:datafield tag="712" ind1="0" ind2="2">
<mxc:subfield code="3">13907527</mxc:subfield>
<mxc:subfield code="o">ISNI0000000107213701</mxc:subfield>
<mxc:subfield code="a">Winchester Cathedral</mxc:subfield>
<mxc:subfield code="b">Choir</mxc:subfield>
<mxc:subfield code="4">590</mxc:subfield>
</mxc:datafield>
<mxc:datafield tag="712" ind1="0" ind2="2">
<mxc:subfield code="3">13905662</mxc:subfield>
<mxc:subfield code="o">ISNI0000000094158394</mxc:subfield>
<mxc:subfield code="a">The Parley of instruments</mxc:subfield>
<mxc:subfield code="4">590</mxc:subfield>
</mxc:datafield>
<mxc:datafield tag="712" ind1="0" ind2="2">
<mxc:subfield code="3">13888712</mxc:subfield>
<mxc:subfield code="o">ISNI0000000121076846</mxc:subfield>
<mxc:subfield code="o">ISNI0000000121076846</mxc:subfield>
<mxc:subfield code="a">Hypérion Records</mxc:subfield>
<mxc:subfield code="4">650</mxc:subfield>
</mxc:datafield>
<mxc:datafield tag="712" ind1="0" ind2="2">
<mxc:subfield code="3">13921727</mxc:subfield>
<mxc:subfield code="o">ISNI0000000121938768</mxc:subfield>
<mxc:subfield code="a">Harmonia mundi France</mxc:subfield>
<mxc:subfield code="4">310</mxc:subfield>
</mxc:datafield>
<mxc:datafield tag="712" ind1="0" ind2="2">
<mxc:subfield code="3">13888712</mxc:subfield>
<mxc:subfield code="a">Hypérion Records</mxc:subfield>
<mxc:subfield code="4">630</mxc:subfield>
</mxc:datafield>
<mxc:datafield tag="716" ind1=" " ind2=" ">
<mxc:subfield code="3">13875777</mxc:subfield>
<mxc:subfield code="a">Hyperion</mxc:subfield>
</mxc:datafield>
<mxc:datafield tag="801" ind1=" " ind2="0">
<mxc:subfield code="a">FR</mxc:subfield>
<mxc:subfield code="b">FR-751131015</mxc:subfield>
<mxc:subfield code="c">19930806</mxc:subfield>
<mxc:subfield code="g">AFNOR</mxc:subfield>
<mxc:subfield code="h">FRBNF382375990000006</mxc:subfield>
<mxc:subfield code="2">intermrc</mxc:subfield>
</mxc:datafield>
<mxc:datafield tag="930" ind1=" " ind2=" ">
<mxc:subfield code="5">FR-759999999:38237599001001</mxc:subfield>
<mxc:subfield code="a">SDC 12-57352</mxc:subfield>
<mxc:subfield code="b">759999999</mxc:subfield>
<mxc:subfield code="c">Tolbiac - Rez de Jardin - Audiovisuel - Magasin</mxc:subfield>
<mxc:subfield code="d">O</mxc:subfield>
</mxc:datafield>
<mxc:datafield tag="930" ind1=" " ind2=" ">
<mxc:subfield code="5">FR-759999999:38237599002001</mxc:subfield>
<mxc:subfield code="a">NUMAV-163803</mxc:subfield>
<mxc:subfield code="b">759999999</mxc:subfield>
<mxc:subfield code="c">Tolbiac - Rez de Jardin - Audiovisuel - Magasin</mxc:subfield>
<mxc:subfield code="d">O</mxc:subfield>
</mxc:datafield>
</mxc:record>      </srw:recordData>
<srw:recordIdentifier>ark:/12148/cb38237599d</srw:recordIdentifier>
<srw:recordPosition>32</srw:recordPosition>
<srw:extraRecordData>
<ixm:attr name="CreationDate">19930806</ixm:attr>
<ixm:attr name="LastModificationDate">20120319</ixm:attr>
<mn:score>4.4750032</mn:score>
</srw:extraRecordData>
</srw:record>