
<srw:record>
<srw:recordSchema>marcxchange</srw:recordSchema>
<srw:recordPacking>xml</srw:recordPacking>
<srw:recordData>
<mxc:record xmlns:mxc="info:lc/xmlns/marcxchange-v2" format="UNIMARC" id="ark:/12148/cb37518130j" type="Bibliographic">
<mxc:leader>     cam  22        450 </mxc:leader>
<mxc:controlfield tag="001">FRBNF375181300000004</mxc:controlfield>
<mxc:controlfield tag="003">http://catalogue.bnf.fr/ark:/12148/cb37518130j</mxc:controlfield>
<mxc:datafield tag="010" ind1=" " ind2=" ">
<mxc:subfield code="a">0521443962</mxc:subfield>
<mxc:subfield code="b">rel.</mxc:subfield>
</mxc:datafield>
<mxc:datafield tag="035" ind1=" " ind2=" ">
<mxc:subfield code="a">OCLC39117549</mxc:subfield>
</mxc:datafield>
<mxc:datafield tag="039" ind1=" " ind2=" ">
<mxc:subfield code="o">GEA</mxc:subfield>
<mxc:subfield code="a">004905485</mxc:subfield>
</mxc:datafield>
<mxc:datafield tag="100" ind1=" " ind2=" ">
<mxc:subfield code="a">19980717d1997    m  y0frey50      ba</mxc:subfield>
</mxc:datafield>
<mxc:datafield tag="101" ind1="0" ind2=" ">
<mxc:subfield code="a">eng</mxc:subfield>
</mxc:datafield>
<mxc:datafield tag="102" ind1=" " ind2=" ">
<mxc:subfield code="a">GB</mxc:subfield>
</mxc:datafield>
<mxc:datafield tag="105" ind1=" " ind2=" ">
<mxc:subfield code="a">a   z   00|y|</mxc:subfield>
</mxc:datafield>
<mxc:datafield tag="106" ind1=" " ind2=" ">
<mxc:subfield code="a">r</mxc:subfield>
</mxc:datafield>
<mxc:datafield tag="181" ind1=" " ind2="0">
<mxc:subfield code="6">01</mxc:subfield>
<mxc:subfield code="a">i </mxc:subfield>
<mxc:subfield code="b">xxxe  </mxc:subfield>
<mxc:subfield code="a">b </mxc:subfield>
<mxc:subfield code="b">xb2e  </mxc:subfield>
</mxc:datafield>
<mxc:datafield tag="181" ind1=" " ind2=" ">
<mxc:subfield code="6">02</mxc:subfield>
<mxc:subfield code="c">txt</mxc:subfield>
<mxc:subfield code="c">sti</mxc:subfield>
<mxc:subfield code="2">rdacontent</mxc:subfield>
</mxc:datafield>
<mxc:datafield tag="182" ind1=" " ind2="0">
<mxc:subfield code="6">01</mxc:subfield>
<mxc:subfield code="a">n</mxc:subfield>
</mxc:datafield>
<mxc:datafield tag="182" ind1=" " ind2=" ">
<mxc:subfield code="6">02</mxc:subfield>
<mxc:subfield code="c">n</mxc:subfield>
<mxc:subfield code="2">rdamedia</mxc:subfield>
</mxc:datafield>
<mxc:datafield tag="200" ind1="1" ind2=" ">
<mxc:subfield code="a">The essentials of postgraduate psychiatry</mxc:subfield>
<mxc:subfield code="b">Texte imprimé</mxc:subfield>
<mxc:subfield code="f">ed. by Robin Murray, Peter Hill, Peter McGuffin</mxc:subfield>
</mxc:datafield>
<mxc:datafield tag="205" ind1=" " ind2=" ">
<mxc:subfield code="a">3rd ed.</mxc:subfield>
</mxc:datafield>
<mxc:datafield tag="210" ind1=" " ind2=" ">
<mxc:subfield code="a">Cambridge</mxc:subfield>
<mxc:subfield code="c">Cambridge University Press</mxc:subfield>
<mxc:subfield code="d">1997</mxc:subfield>
</mxc:datafield>
<mxc:datafield tag="215" ind1=" " ind2=" ">
<mxc:subfield code="a">XXV-843 p.</mxc:subfield>
<mxc:subfield code="c">ill.</mxc:subfield>
<mxc:subfield code="d">26  cm</mxc:subfield>
</mxc:datafield>
<mxc:datafield tag="300" ind1=" " ind2=" ">
<mxc:subfield code="a">Bibliogr. p. 679-809. Index</mxc:subfield>
</mxc:datafield>
<mxc:datafield tag="606" ind1=" " ind2=" ">
<mxc:subfield code="3">11942040</mxc:subfield>
<mxc:subfield code="a">Psychiatrie</mxc:subfield>
<mxc:subfield code="2">rameau</mxc:subfield>
</mxc:datafield>
<mxc:datafield tag="676" ind1=" " ind2=" ">
<mxc:subfield code="a">616.89</mxc:subfield>
<mxc:subfield code="v">23</mxc:subfield>
</mxc:datafield>
<mxc:datafield tag="702" ind1=" " ind2="|">
<mxc:subfield code="3">13323484</mxc:subfield>
<mxc:subfield code="o">ISNI0000000110704173</mxc:subfield>
<mxc:subfield code="a">Murray</mxc:subfield>
<mxc:subfield code="b">Robin</mxc:subfield>
<mxc:subfield code="f">1944?-....</mxc:subfield>
<mxc:subfield code="4">340</mxc:subfield>
</mxc:datafield>
<mxc:datafield tag="702" ind1=" " ind2="|">
<mxc:subfield code="3">13485271</mxc:subfield>
<mxc:subfield code="o">ISNI0000000115785777</mxc:subfield>
<mxc:subfield code="a">Hill</mxc:subfield>
<mxc:subfield code="b">Peter</mxc:subfield>
<mxc:subfield code="f">1945-....</mxc:subfield>
<mxc:subfield code="c">psychiatre</mxc:subfield>
<mxc:subfield code="4">340</mxc:subfield>
</mxc:datafield>
<mxc:datafield tag="702" ind1=" " ind2="|">
<mxc:subfield code="3">13485272</mxc:subfield>
<mxc:subfield code="o">ISNI0000000117639562</mxc:subfield>
<mxc:subfield code="a">McGuffin</mxc:subfield>
<mxc:subfield code="b">Peter</mxc:subfield>
<mxc:subfield code="4">340</mxc:subfield>
</mxc:datafield>
<mxc:datafield tag="801" ind1=" " ind2="3">
<mxc:subfield code="c">19980717</mxc:subfield>
<mxc:subfield code="b">OCLC</mxc:subfield>
<mxc:subfield code="h">39117549</mxc:subfield>
</mxc:datafield>
<mxc:datafield tag="930" ind1=" " ind2=" ">
<mxc:subfield code="5">FR-751131009:37518130001001</mxc:subfield>
<mxc:subfield code="a">2000-500398</mxc:subfield>
<mxc:subfield code="b">759999999</mxc:subfield>
<mxc:subfield code="c">Tolbiac - Rez de Jardin - Sciences et technique - Magasin</mxc:subfield>
<mxc:subfield code="d">O</mxc:subfield>
</mxc:datafield>
</mxc:record>      </srw:recordData>
<srw:recordIdentifier>ark:/12148/cb37518130j</srw:recordIdentifier>
<srw:recordPosition>33</srw:recordPosition>
<srw:extraRecordData>
<ixm:attr name="CreationDate">19970807</ixm:attr>
<ixm:attr name="LastModificationDate">20120927</ixm:attr>
<mn:score>4.4747553</mn:score>
</srw:extraRecordData>
</srw:record>