
<srw:record>
<srw:recordSchema>marcxchange</srw:recordSchema>
<srw:recordPacking>xml</srw:recordPacking>
<srw:recordData>
<mxc:record xmlns:mxc="info:lc/xmlns/marcxchange-v2" format="UNIMARC" id="ark:/12148/cb37815591n" type="Bibliographic">
<mxc:leader>     njm  22     3n 450 </mxc:leader>
<mxc:controlfield tag="001">FRBNF378155910000006</mxc:controlfield>
<mxc:controlfield tag="003">http://catalogue.bnf.fr/ark:/12148/cb37815591n</mxc:controlfield>
<mxc:datafield tag="039" ind1=" " ind2=" ">
<mxc:subfield code="o">OPR</mxc:subfield>
<mxc:subfield code="a">R00540250</mxc:subfield>
</mxc:datafield>
<mxc:datafield tag="071" ind1="0" ind2="1">
<mxc:subfield code="b">Charisma</mxc:subfield>
<mxc:subfield code="a">6459012</mxc:subfield>
</mxc:datafield>
<mxc:datafield tag="100" ind1=" " ind2=" ">
<mxc:subfield code="a">20021001d19..    u  y0frey50      ba</mxc:subfield>
</mxc:datafield>
<mxc:datafield tag="101" ind1="0" ind2=" ">
<mxc:subfield code="a">und</mxc:subfield>
</mxc:datafield>
<mxc:datafield tag="102" ind1=" " ind2=" ">
<mxc:subfield code="a">XX</mxc:subfield>
</mxc:datafield>
<mxc:datafield tag="126" ind1=" " ind2=" ">
<mxc:subfield code="a">auubuxx||||||z|</mxc:subfield>
<mxc:subfield code="b">bux</mxc:subfield>
</mxc:datafield>
<mxc:datafield tag="181" ind1=" " ind2="0">
<mxc:subfield code="6">01</mxc:subfield>
<mxc:subfield code="a">d </mxc:subfield>
<mxc:subfield code="b">bxxa  </mxc:subfield>
</mxc:datafield>
<mxc:datafield tag="181" ind1=" " ind2=" ">
<mxc:subfield code="6">02</mxc:subfield>
<mxc:subfield code="c">prm</mxc:subfield>
<mxc:subfield code="2">rdacontent</mxc:subfield>
</mxc:datafield>
<mxc:datafield tag="182" ind1=" " ind2="0">
<mxc:subfield code="6">01</mxc:subfield>
<mxc:subfield code="a">a</mxc:subfield>
</mxc:datafield>
<mxc:datafield tag="182" ind1=" " ind2=" ">
<mxc:subfield code="6">02</mxc:subfield>
<mxc:subfield code="c">s</mxc:subfield>
<mxc:subfield code="2">rdamedia</mxc:subfield>
</mxc:datafield>
<mxc:datafield tag="200" ind1="1" ind2=" ">
<mxc:subfield code="a">68-71</mxc:subfield>
<mxc:subfield code="b">Enregistrement sonore</mxc:subfield>
<mxc:subfield code="f">Van Der Graaf Generator</mxc:subfield>
</mxc:datafield>
<mxc:datafield tag="210" ind1=" " ind2=" ">
<mxc:subfield code="a">[S.l.]</mxc:subfield>
<mxc:subfield code="c">[s.n.]</mxc:subfield>
<mxc:subfield code="d">[s.d.]</mxc:subfield>
</mxc:datafield>
<mxc:datafield tag="215" ind1=" " ind2=" ">
<mxc:subfield code="a">1 disque</mxc:subfield>
<mxc:subfield code="c">33 t, stéréo compat.</mxc:subfield>
<mxc:subfield code="d">30 cm</mxc:subfield>
</mxc:datafield>
<mxc:datafield tag="464" ind1=" " ind2="1">
<mxc:subfield code="t">AFTERWARDS</mxc:subfield>
<mxc:subfield code="f">Hammill (Peter)</mxc:subfield>
</mxc:datafield>
<mxc:datafield tag="464" ind1=" " ind2="1">
<mxc:subfield code="t">THE BOAT OF MILLIONS OF YEARS</mxc:subfield>
<mxc:subfield code="f">Hammill (Peter)</mxc:subfield>
</mxc:datafield>
<mxc:datafield tag="464" ind1=" " ind2="1">
<mxc:subfield code="t">WHATEVER WOULD ROBERT HAVE SAID ?</mxc:subfield>
<mxc:subfield code="f">Hammill (Peter)</mxc:subfield>
</mxc:datafield>
<mxc:datafield tag="464" ind1=" " ind2="1">
<mxc:subfield code="t">LOST</mxc:subfield>
<mxc:subfield code="f">Hammill (Peter)</mxc:subfield>
</mxc:datafield>
<mxc:datafield tag="464" ind1=" " ind2="1">
<mxc:subfield code="t">NECROMANCER</mxc:subfield>
<mxc:subfield code="f">Hammill (Peter)</mxc:subfield>
</mxc:datafield>
<mxc:datafield tag="464" ind1=" " ind2="1">
<mxc:subfield code="t">REFUGEES</mxc:subfield>
<mxc:subfield code="f">Hammill (Peter)</mxc:subfield>
</mxc:datafield>
<mxc:datafield tag="464" ind1=" " ind2="1">
<mxc:subfield code="t">DARKNESS</mxc:subfield>
<mxc:subfield code="f">Hammill (Peter)</mxc:subfield>
</mxc:datafield>
<mxc:datafield tag="464" ind1=" " ind2="1">
<mxc:subfield code="t">KILLER</mxc:subfield>
<mxc:subfield code="f">Hammill (Peter), Banton (Hugh) et Smith</mxc:subfield>
</mxc:datafield>
<mxc:datafield tag="716" ind1=" " ind2=" ">
<mxc:subfield code="3">13874731</mxc:subfield>
<mxc:subfield code="a">Charisma</mxc:subfield>
<mxc:subfield code="f">1969</mxc:subfield>
<mxc:subfield code="c">Grande-Bretagne</mxc:subfield>
</mxc:datafield>
<mxc:datafield tag="801" ind1=" " ind2="0">
<mxc:subfield code="a">FR</mxc:subfield>
<mxc:subfield code="b">FR-751131015</mxc:subfield>
<mxc:subfield code="c">20021001</mxc:subfield>
<mxc:subfield code="g">AFNOR</mxc:subfield>
<mxc:subfield code="h">FRBNF378155910000006</mxc:subfield>
<mxc:subfield code="2">intermrc</mxc:subfield>
</mxc:datafield>
<mxc:datafield tag="930" ind1=" " ind2=" ">
<mxc:subfield code="5">FR-759999999:37815591001001</mxc:subfield>
<mxc:subfield code="a">BSU/72-3292</mxc:subfield>
<mxc:subfield code="b">759999999</mxc:subfield>
<mxc:subfield code="c">Tolbiac - Rez de Jardin - Audiovisuel - Magasin</mxc:subfield>
<mxc:subfield code="d">O</mxc:subfield>
</mxc:datafield>
</mxc:record>      </srw:recordData>
<srw:recordIdentifier>ark:/12148/cb37815591n</srw:recordIdentifier>
<srw:recordPosition>34</srw:recordPosition>
<srw:extraRecordData>
<ixm:attr name="CreationDate">19971216</ixm:attr>
<ixm:attr name="LastModificationDate">20110303</ixm:attr>
<mn:score>4.4746127</mn:score>
</srw:extraRecordData>
</srw:record>