
<srw:record>
<srw:recordSchema>marcxchange</srw:recordSchema>
<srw:recordPacking>xml</srw:recordPacking>
<srw:recordData>
<mxc:record xmlns:mxc="info:lc/xmlns/marcxchange-v2" format="UNIMARC" id="ark:/12148/cb381439209" type="Bibliographic">
<mxc:leader>     njm  22        450 </mxc:leader>
<mxc:controlfield tag="001">FRBNF381439200000000</mxc:controlfield>
<mxc:controlfield tag="003">http://catalogue.bnf.fr/ark:/12148/cb381439209</mxc:controlfield>
<mxc:datafield tag="039" ind1=" " ind2=" ">
<mxc:subfield code="o">OPC</mxc:subfield>
<mxc:subfield code="a">000533600</mxc:subfield>
</mxc:datafield>
<mxc:datafield tag="071" ind1="0" ind2="1">
<mxc:subfield code="b">Peter Makossa</mxc:subfield>
<mxc:subfield code="a">PET007</mxc:subfield>
<mxc:subfield code="c">Pochette</mxc:subfield>
<mxc:subfield code="d">SD 09</mxc:subfield>
</mxc:datafield>
<mxc:datafield tag="100" ind1=" " ind2=" ">
<mxc:subfield code="a">19890714d1988    u  y0frey50      ba</mxc:subfield>
</mxc:datafield>
<mxc:datafield tag="101" ind1="0" ind2=" ">
<mxc:subfield code="a">mul</mxc:subfield>
</mxc:datafield>
<mxc:datafield tag="102" ind1=" " ind2=" ">
<mxc:subfield code="a">FR</mxc:subfield>
</mxc:datafield>
<mxc:datafield tag="126" ind1=" " ind2=" ">
<mxc:subfield code="a">auubuxx||||||z|</mxc:subfield>
<mxc:subfield code="b">bux</mxc:subfield>
</mxc:datafield>
<mxc:datafield tag="128" ind1=" " ind2=" ">
<mxc:subfield code="b">vu  </mxc:subfield>
</mxc:datafield>
<mxc:datafield tag="145" ind1="|" ind2=" ">
<mxc:subfield code="b">uuvun   </mxc:subfield>
</mxc:datafield>
<mxc:datafield tag="181" ind1=" " ind2="0">
<mxc:subfield code="6">01</mxc:subfield>
<mxc:subfield code="a">d </mxc:subfield>
<mxc:subfield code="b">bxxa  </mxc:subfield>
</mxc:datafield>
<mxc:datafield tag="181" ind1=" " ind2=" ">
<mxc:subfield code="6">02</mxc:subfield>
<mxc:subfield code="c">prm</mxc:subfield>
<mxc:subfield code="2">rdacontent</mxc:subfield>
</mxc:datafield>
<mxc:datafield tag="182" ind1=" " ind2="0">
<mxc:subfield code="6">01</mxc:subfield>
<mxc:subfield code="a">a</mxc:subfield>
</mxc:datafield>
<mxc:datafield tag="182" ind1=" " ind2=" ">
<mxc:subfield code="6">02</mxc:subfield>
<mxc:subfield code="c">s</mxc:subfield>
<mxc:subfield code="2">rdamedia</mxc:subfield>
</mxc:datafield>
<mxc:datafield tag="200" ind1="1" ind2=" ">
<mxc:subfield code="a">Na wassi wa partout</mxc:subfield>
<mxc:subfield code="b">Enregistrement sonore</mxc:subfield>
<mxc:subfield code="a">C'est pas sérieux, c'est pas gentil</mxc:subfield>
<mxc:subfield code="f">PeterMak ossa, chant..</mxc:subfield>
</mxc:datafield>
<mxc:datafield tag="210" ind1=" " ind2=" ">
<mxc:subfield code="a">[Paris]</mxc:subfield>
<mxc:subfield code="c">[Peter Mokassa Productions]</mxc:subfield>
<mxc:subfield code="a">[Paris]</mxc:subfield>
<mxc:subfield code="c">[distrib. Sonodisc]</mxc:subfield>
<mxc:subfield code="d">[1988 (DL)]</mxc:subfield>
</mxc:datafield>
<mxc:datafield tag="215" ind1=" " ind2=" ">
<mxc:subfield code="a">1 disque</mxc:subfield>
<mxc:subfield code="c">45 t</mxc:subfield>
<mxc:subfield code="d">30 cúm</mxc:subfield>
</mxc:datafield>
<mxc:datafield tag="300" ind1=" " ind2=" ">
<mxc:subfield code="a">Détail du personnel</mxc:subfield>
</mxc:datafield>
<mxc:datafield tag="300" ind1=" " ind2=" ">
<mxc:subfield code="a">Paris : prod. Editions et productions Peter Mokassa</mxc:subfield>
</mxc:datafield>
<mxc:datafield tag="305" ind1=" " ind2=" ">
<mxc:subfield code="a">Enregistrement : (France) Bagnolet, Music Ange</mxc:subfield>
</mxc:datafield>
<mxc:datafield tag="423" ind1=" " ind2="0">
<mxc:subfield code="t">C'est pas sérieux, c'est pas gentil</mxc:subfield>
</mxc:datafield>
<mxc:datafield tag="608" ind1=" " ind2=" ">
<mxc:subfield code="2">frTAV</mxc:subfield>
</mxc:datafield>
<mxc:datafield tag="608" ind1=" " ind2=" ">
<mxc:subfield code="a">variété instrumentale et vocale</mxc:subfield>
<mxc:subfield code="2">frTAV</mxc:subfield>
</mxc:datafield>
<mxc:datafield tag="620" ind1="3" ind2="1">
<mxc:subfield code="a">France</mxc:subfield>
<mxc:subfield code="d">Bagnolet</mxc:subfield>
<mxc:subfield code="e">Music Ange</mxc:subfield>
</mxc:datafield>
<mxc:datafield tag="700" ind1=" " ind2="|">
<mxc:subfield code="3">14202291</mxc:subfield>
<mxc:subfield code="a">Makossa</mxc:subfield>
<mxc:subfield code="b">Peter</mxc:subfield>
<mxc:subfield code="4">721</mxc:subfield>
</mxc:datafield>
<mxc:datafield tag="712" ind1="0" ind2="2">
<mxc:subfield code="3">14258537</mxc:subfield>
<mxc:subfield code="a">Peter makossa et makossa machine</mxc:subfield>
<mxc:subfield code="4">545</mxc:subfield>
</mxc:datafield>
<mxc:datafield tag="712" ind1="0" ind2="2">
<mxc:subfield code="3">13888317</mxc:subfield>
<mxc:subfield code="a">Peter Makossa Productions</mxc:subfield>
<mxc:subfield code="4">650</mxc:subfield>
</mxc:datafield>
<mxc:datafield tag="712" ind1="0" ind2="2">
<mxc:subfield code="3">13890081</mxc:subfield>
<mxc:subfield code="a">Sonodisc</mxc:subfield>
<mxc:subfield code="4">310</mxc:subfield>
</mxc:datafield>
<mxc:datafield tag="712" ind1="0" ind2="2">
<mxc:subfield code="3">13888317</mxc:subfield>
<mxc:subfield code="a">Peter Makossa Productions</mxc:subfield>
<mxc:subfield code="4">630</mxc:subfield>
</mxc:datafield>
<mxc:datafield tag="716" ind1=" " ind2=" ">
<mxc:subfield code="3">13875318</mxc:subfield>
<mxc:subfield code="a">Peter Makossa</mxc:subfield>
</mxc:datafield>
<mxc:datafield tag="801" ind1=" " ind2="0">
<mxc:subfield code="a">FR</mxc:subfield>
<mxc:subfield code="b">FR-751131015</mxc:subfield>
<mxc:subfield code="c">19890714</mxc:subfield>
<mxc:subfield code="g">AFNOR</mxc:subfield>
<mxc:subfield code="h">FRBNF381439200000000</mxc:subfield>
<mxc:subfield code="2">intermrc</mxc:subfield>
</mxc:datafield>
<mxc:datafield tag="930" ind1=" " ind2=" ">
<mxc:subfield code="5">FR-759999999:38143920001001</mxc:subfield>
<mxc:subfield code="a">SD 30-90487</mxc:subfield>
<mxc:subfield code="b">759999999</mxc:subfield>
<mxc:subfield code="c">Tolbiac - Rez de Jardin - Audiovisuel - Magasin</mxc:subfield>
<mxc:subfield code="d">O</mxc:subfield>
</mxc:datafield>
</mxc:record>      </srw:recordData>
<srw:recordIdentifier>ark:/12148/cb381439209</srw:recordIdentifier>
<srw:recordPosition>35</srw:recordPosition>
<srw:extraRecordData>
<ixm:attr name="CreationDate">19890714</ixm:attr>
<ixm:attr name="LastModificationDate">20110204</ixm:attr>
<mn:score>4.4724464</mn:score>
</srw:extraRecordData>
</srw:record>