
<srw:record>
<srw:recordSchema>marcxchange</srw:recordSchema>
<srw:recordPacking>xml</srw:recordPacking>
<srw:recordData>
<mxc:record xmlns:mxc="info:lc/xmlns/marcxchange-v2" format="UNIMARC" id="ark:/12148/cb42002920b" type="Bibliographic">
<mxc:leader>     cjm  22     3  450 </mxc:leader>
<mxc:controlfield tag="001">FRBNF420029200000009</mxc:controlfield>
<mxc:controlfield tag="003">http://catalogue.bnf.fr/ark:/12148/cb42002920b</mxc:controlfield>
<mxc:datafield tag="020" ind1=" " ind2=" ">
<mxc:subfield code="a">FR</mxc:subfield>
<mxc:subfield code="b">70914624</mxc:subfield>
</mxc:datafield>
<mxc:datafield tag="071" ind1="0" ind2="1">
<mxc:subfield code="b">Ambronay éditions</mxc:subfield>
<mxc:subfield code="a">AMY015</mxc:subfield>
<mxc:subfield code="c">album</mxc:subfield>
</mxc:datafield>
<mxc:datafield tag="073" ind1=" " ind2="0">
<mxc:subfield code="a">3760135100156</mxc:subfield>
</mxc:datafield>
<mxc:datafield tag="100" ind1=" " ind2=" ">
<mxc:subfield code="a">20090617d2009    u  y0frey50      ba</mxc:subfield>
</mxc:datafield>
<mxc:datafield tag="101" ind1="0" ind2=" ">
<mxc:subfield code="a">ita</mxc:subfield>
<mxc:subfield code="a">lat</mxc:subfield>
</mxc:datafield>
<mxc:datafield tag="102" ind1=" " ind2=" ">
<mxc:subfield code="a">FR</mxc:subfield>
</mxc:datafield>
<mxc:datafield tag="126" ind1=" " ind2=" ">
<mxc:subfield code="a">aguxhxx||||||cd</mxc:subfield>
<mxc:subfield code="b">bex</mxc:subfield>
</mxc:datafield>
<mxc:datafield tag="181" ind1=" " ind2="0">
<mxc:subfield code="6">01</mxc:subfield>
<mxc:subfield code="a">d </mxc:subfield>
<mxc:subfield code="b">bxxa  </mxc:subfield>
</mxc:datafield>
<mxc:datafield tag="181" ind1=" " ind2=" ">
<mxc:subfield code="6">02</mxc:subfield>
<mxc:subfield code="c">prm</mxc:subfield>
<mxc:subfield code="2">rdacontent</mxc:subfield>
</mxc:datafield>
<mxc:datafield tag="182" ind1=" " ind2="0">
<mxc:subfield code="6">01</mxc:subfield>
<mxc:subfield code="a">a</mxc:subfield>
</mxc:datafield>
<mxc:datafield tag="182" ind1=" " ind2=" ">
<mxc:subfield code="6">02</mxc:subfield>
<mxc:subfield code="c">s</mxc:subfield>
<mxc:subfield code="2">rdamedia</mxc:subfield>
</mxc:datafield>
<mxc:datafield tag="200" ind1="1" ind2=" ">
<mxc:subfield code="a">Motets &amp; madrigaux</mxc:subfield>
<mxc:subfield code="b">Enregistrement sonore</mxc:subfield>
<mxc:subfield code="f">Peter Philips, comp.</mxc:subfield>
<mxc:subfield code="g">Cappella mediterranea, ens. voc. et instr.</mxc:subfield>
<mxc:subfield code="g">Leonardo García Alarcón, dir.</mxc:subfield>
</mxc:datafield>
<mxc:datafield tag="210" ind1=" " ind2=" ">
<mxc:subfield code="a">Ambronay (Ain)</mxc:subfield>
<mxc:subfield code="c">Centre culturel de rencontre d'Ambronay</mxc:subfield>
<mxc:subfield code="a">[Arles (Bouches-du-Rhône)]</mxc:subfield>
<mxc:subfield code="c">distrib. Harmonia mundi distribution</mxc:subfield>
<mxc:subfield code="d">[DL 2009]</mxc:subfield>
</mxc:datafield>
<mxc:datafield tag="215" ind1=" " ind2=" ">
<mxc:subfield code="a">1 disque compact (59 min 54 s)</mxc:subfield>
<mxc:subfield code="d">DDD</mxc:subfield>
<mxc:subfield code="e">1 brochure (36 p.) : ill. en coul., couv. ill. en coul. ; 12 cm</mxc:subfield>
</mxc:datafield>
<mxc:datafield tag="303" ind1=" " ind2=" ">
<mxc:subfield code="a">Notice en français, anglais et allemand / Jérôme Lejeune, Leonardo García Alarcón</mxc:subfield>
</mxc:datafield>
<mxc:datafield tag="305" ind1=" " ind2=" ">
<mxc:subfield code="a">Enregistrement : (France) Ambronay (Ain), Abbaye d'Ambronay, 20071002 - 20071005</mxc:subfield>
</mxc:datafield>
<mxc:datafield tag="306" ind1=" " ind2=" ">
<mxc:subfield code="a">Prod. : Centre culturel de rencontre d'Ambronay, P 2008</mxc:subfield>
</mxc:datafield>
<mxc:datafield tag="307" ind1=" " ind2=" ">
<mxc:subfield code="a">Texte des airs avec trad.</mxc:subfield>
</mxc:datafield>
<mxc:datafield tag="323" ind1=" " ind2=" ">
<mxc:subfield code="a">Détail des interprètes</mxc:subfield>
</mxc:datafield>
<mxc:datafield tag="608" ind1=" " ind2=" ">
<mxc:subfield code="a">musique baroque (1600-1750)</mxc:subfield>
<mxc:subfield code="2">frTAV</mxc:subfield>
</mxc:datafield>
<mxc:datafield tag="608" ind1=" " ind2=" ">
<mxc:subfield code="a">musique classique</mxc:subfield>
<mxc:subfield code="2">frTAV</mxc:subfield>
</mxc:datafield>
<mxc:datafield tag="608" ind1=" " ind2=" ">
<mxc:subfield code="a">musique instrumentale orchestrale</mxc:subfield>
<mxc:subfield code="2">frTAV</mxc:subfield>
</mxc:datafield>
<mxc:datafield tag="608" ind1=" " ind2=" ">
<mxc:subfield code="a">musique vocale avec choeur</mxc:subfield>
<mxc:subfield code="2">frTAV</mxc:subfield>
</mxc:datafield>
<mxc:datafield tag="608" ind1=" " ind2=" ">
<mxc:subfield code="a">édition phonographique</mxc:subfield>
<mxc:subfield code="2">frTAV</mxc:subfield>
</mxc:datafield>
<mxc:datafield tag="620" ind1="3" ind2="1">
<mxc:subfield code="a">fr</mxc:subfield>
<mxc:subfield code="d">Ambronay (Ain)</mxc:subfield>
<mxc:subfield code="e">Abbaye d'Ambronay</mxc:subfield>
<mxc:subfield code="f">20071002</mxc:subfield>
<mxc:subfield code="f">20071005</mxc:subfield>
</mxc:datafield>
<mxc:datafield tag="686" ind1=" " ind2=" ">
<mxc:subfield code="a">104</mxc:subfield>
<mxc:subfield code="2">Cadre de classement de la Bibliographie nationale française</mxc:subfield>
</mxc:datafield>
<mxc:datafield tag="700" ind1=" " ind2="|">
<mxc:subfield code="3">13898447</mxc:subfield>
<mxc:subfield code="o">ISNI0000000109062003</mxc:subfield>
<mxc:subfield code="a">Philips</mxc:subfield>
<mxc:subfield code="b">Peter</mxc:subfield>
<mxc:subfield code="f">1560?-1628</mxc:subfield>
<mxc:subfield code="4">230</mxc:subfield>
</mxc:datafield>
<mxc:datafield tag="702" ind1=" " ind2="|">
<mxc:subfield code="3">15983105</mxc:subfield>
<mxc:subfield code="o">ISNI0000000121279651</mxc:subfield>
<mxc:subfield code="a">García Alarcón</mxc:subfield>
<mxc:subfield code="b">Leonardo</mxc:subfield>
<mxc:subfield code="f">1976-....</mxc:subfield>
<mxc:subfield code="4">250</mxc:subfield>
</mxc:datafield>
<mxc:datafield tag="712" ind1="0" ind2="2">
<mxc:subfield code="3">16129374</mxc:subfield>
<mxc:subfield code="o">ISNI0000000106633157</mxc:subfield>
<mxc:subfield code="a">Cappella Mediterranea</mxc:subfield>
<mxc:subfield code="4">545</mxc:subfield>
</mxc:datafield>
<mxc:datafield tag="716" ind1=" " ind2=" ">
<mxc:subfield code="3">15040371</mxc:subfield>
<mxc:subfield code="a">Ambronay éditions</mxc:subfield>
</mxc:datafield>
<mxc:datafield tag="801" ind1=" " ind2="0">
<mxc:subfield code="a">FR</mxc:subfield>
<mxc:subfield code="b">FR-751131015</mxc:subfield>
<mxc:subfield code="c">20090617</mxc:subfield>
<mxc:subfield code="g">AFNOR</mxc:subfield>
<mxc:subfield code="h">FRBNF420029200000009</mxc:subfield>
<mxc:subfield code="2">intermrc</mxc:subfield>
</mxc:datafield>
<mxc:datafield tag="930" ind1=" " ind2=" ">
<mxc:subfield code="5">FR-759999999:42002920001001</mxc:subfield>
<mxc:subfield code="a">SDC 12-241313</mxc:subfield>
<mxc:subfield code="b">759999999</mxc:subfield>
<mxc:subfield code="c">Tolbiac - Rez de Jardin - Audiovisuel - Magasin</mxc:subfield>
<mxc:subfield code="d">O</mxc:subfield>
</mxc:datafield>
<mxc:datafield tag="930" ind1=" " ind2=" ">
<mxc:subfield code="5">FR-759999999:42002920003001</mxc:subfield>
<mxc:subfield code="a">NUMAV-765775</mxc:subfield>
<mxc:subfield code="b">759999999</mxc:subfield>
<mxc:subfield code="c">Tolbiac - Rez de Jardin - Audiovisuel - Magasin</mxc:subfield>
<mxc:subfield code="d">O</mxc:subfield>
</mxc:datafield>
</mxc:record>      </srw:recordData>
<srw:recordIdentifier>ark:/12148/cb42002920b</srw:recordIdentifier>
<srw:recordPosition>37</srw:recordPosition>
<srw:extraRecordData>
<ixm:attr name="CreationDate">20090617</ixm:attr>
<ixm:attr name="LastModificationDate">20091023</ixm:attr>
<mn:score>4.4720325</mn:score>
</srw:extraRecordData>
</srw:record>