
<srw:record>
<srw:recordSchema>marcxchange</srw:recordSchema>
<srw:recordPacking>xml</srw:recordPacking>
<srw:recordData>
<mxc:record xmlns:mxc="info:lc/xmlns/marcxchange-v2" format="UNIMARC" id="ark:/12148/cb44887955h" type="Bibliographic">
<mxc:leader>     ncm  22     3n 450 </mxc:leader>
<mxc:controlfield tag="001">FRBNF448879550000001</mxc:controlfield>
<mxc:controlfield tag="003">http://catalogue.bnf.fr/ark:/12148/cb44887955h</mxc:controlfield>
<mxc:datafield tag="039" ind1=" " ind2=" ">
<mxc:subfield code="o">MUS</mxc:subfield>
<mxc:subfield code="a">FC018708890001PA </mxc:subfield>
</mxc:datafield>
<mxc:datafield tag="071" ind1="2" ind2="1">
<mxc:subfield code="a">192-197</mxc:subfield>
<mxc:subfield code="b">C. Warmuth</mxc:subfield>
</mxc:datafield>
<mxc:datafield tag="100" ind1=" " ind2=" ">
<mxc:subfield code="a">20140101u        u  y0frey50      ba</mxc:subfield>
</mxc:datafield>
<mxc:datafield tag="101" ind1="0" ind2=" ">
<mxc:subfield code="a">und</mxc:subfield>
</mxc:datafield>
<mxc:datafield tag="102" ind1=" " ind2=" ">
<mxc:subfield code="a">NO</mxc:subfield>
</mxc:datafield>
<mxc:datafield tag="106" ind1=" " ind2=" ">
<mxc:subfield code="a">r</mxc:subfield>
</mxc:datafield>
<mxc:datafield tag="181" ind1=" " ind2="0">
<mxc:subfield code="6">01</mxc:subfield>
<mxc:subfield code="a">d </mxc:subfield>
<mxc:subfield code="b">axxe  </mxc:subfield>
</mxc:datafield>
<mxc:datafield tag="181" ind1=" " ind2=" ">
<mxc:subfield code="6">02</mxc:subfield>
<mxc:subfield code="c">ntm</mxc:subfield>
<mxc:subfield code="2">rdacontent</mxc:subfield>
</mxc:datafield>
<mxc:datafield tag="182" ind1=" " ind2="0">
<mxc:subfield code="6">01</mxc:subfield>
<mxc:subfield code="a">n</mxc:subfield>
</mxc:datafield>
<mxc:datafield tag="182" ind1=" " ind2=" ">
<mxc:subfield code="6">02</mxc:subfield>
<mxc:subfield code="c">n</mxc:subfield>
<mxc:subfield code="2">rdamedia</mxc:subfield>
</mxc:datafield>
<mxc:datafield tag="200" ind1="1" ind2=" ">
<mxc:subfield code="a">Op. 21. Nogle politiske Sange og andre viser - 6 Lieder und Weisen... [A 1 voix et piano]</mxc:subfield>
<mxc:subfield code="b">Musique imprimée</mxc:subfield>
</mxc:datafield>
<mxc:datafield tag="210" ind1=" " ind2=" ">
<mxc:subfield code="a">Christiania</mxc:subfield>
<mxc:subfield code="c">C. Warmuth</mxc:subfield>
<mxc:subfield code="d">[s.d.]</mxc:subfield>
</mxc:datafield>
<mxc:datafield tag="214" ind1=" " ind2="0">
<mxc:subfield code="a">Christiania</mxc:subfield>
<mxc:subfield code="c">C. Warmuth</mxc:subfield>
<mxc:subfield code="d">[s.d.]</mxc:subfield>
</mxc:datafield>
<mxc:datafield tag="300" ind1=" " ind2=" ">
<mxc:subfield code="a">Titre pris au dos du recueil</mxc:subfield>
</mxc:datafield>
<mxc:datafield tag="316" ind1=" " ind2=" ">
<mxc:subfield code="5">FR-751021003:44887955001001</mxc:subfield>
</mxc:datafield>
<mxc:datafield tag="700" ind1=" " ind2="|">
<mxc:subfield code="3">16425536</mxc:subfield>
<mxc:subfield code="o">ISNI0000000034212766</mxc:subfield>
<mxc:subfield code="a">Selmer</mxc:subfield>
<mxc:subfield code="b">Johan</mxc:subfield>
<mxc:subfield code="f">1844-1910</mxc:subfield>
<mxc:subfield code="4">230</mxc:subfield>
</mxc:datafield>
<mxc:datafield tag="801" ind1=" " ind2="0">
<mxc:subfield code="a">FR</mxc:subfield>
<mxc:subfield code="b">FR-751131015</mxc:subfield>
<mxc:subfield code="c">20140101</mxc:subfield>
<mxc:subfield code="g">AFNOR</mxc:subfield>
<mxc:subfield code="h">FRBNF448879550000001</mxc:subfield>
<mxc:subfield code="2">intermrc</mxc:subfield>
</mxc:datafield>
<mxc:datafield tag="930" ind1=" " ind2=" ">
<mxc:subfield code="5">FR-751021003:44887955001001</mxc:subfield>
<mxc:subfield code="a">K-60868</mxc:subfield>
<mxc:subfield code="b">759999999</mxc:subfield>
<mxc:subfield code="c">Richelieu - Musique - Magasin</mxc:subfield>
<mxc:subfield code="d">N</mxc:subfield>
</mxc:datafield>
</mxc:record>      </srw:recordData>
<srw:recordIdentifier>ark:/12148/cb44887955h</srw:recordIdentifier>
<srw:recordPosition>38</srw:recordPosition>
<srw:extraRecordData>
<ixm:attr name="CreationDate">20190405</ixm:attr>
<ixm:attr name="LastModificationDate">20190405</ixm:attr>
<mn:score>4.469622</mn:score>
</srw:extraRecordData>
</srw:record>