
<srw:record>
<srw:recordSchema>marcxchange</srw:recordSchema>
<srw:recordPacking>xml</srw:recordPacking>
<srw:recordData>
<mxc:record xmlns:mxc="info:lc/xmlns/marcxchange-v2" format="UNIMARC" id="ark:/12148/cb43201802c" type="Bibliographic">
<mxc:leader>     ccm  22     3n 450 </mxc:leader>
<mxc:controlfield tag="001">FRBNF432018020000008</mxc:controlfield>
<mxc:controlfield tag="003">http://catalogue.bnf.fr/ark:/12148/cb43201802c</mxc:controlfield>
<mxc:datafield tag="039" ind1=" " ind2=" ">
<mxc:subfield code="o">MUS</mxc:subfield>
<mxc:subfield code="a">FG043603650001PA</mxc:subfield>
</mxc:datafield>
<mxc:datafield tag="071" ind1="2" ind2="1">
<mxc:subfield code="a">S. &amp; B. 5550</mxc:subfield>
</mxc:datafield>
<mxc:datafield tag="100" ind1=" " ind2=" ">
<mxc:subfield code="a">20120319d1970    u  y0frey50      ba</mxc:subfield>
</mxc:datafield>
<mxc:datafield tag="101" ind1="0" ind2=" ">
<mxc:subfield code="a">fre</mxc:subfield>
</mxc:datafield>
<mxc:datafield tag="102" ind1=" " ind2=" ">
<mxc:subfield code="a">GB</mxc:subfield>
</mxc:datafield>
<mxc:datafield tag="106" ind1=" " ind2=" ">
<mxc:subfield code="a">r</mxc:subfield>
</mxc:datafield>
<mxc:datafield tag="128" ind1=" " ind2=" ">
<mxc:subfield code="a">uu </mxc:subfield>
</mxc:datafield>
<mxc:datafield tag="181" ind1=" " ind2="0">
<mxc:subfield code="6">01</mxc:subfield>
<mxc:subfield code="a">d </mxc:subfield>
<mxc:subfield code="b">axxe  </mxc:subfield>
</mxc:datafield>
<mxc:datafield tag="181" ind1=" " ind2=" ">
<mxc:subfield code="6">02</mxc:subfield>
<mxc:subfield code="c">ntm</mxc:subfield>
<mxc:subfield code="2">rdacontent</mxc:subfield>
</mxc:datafield>
<mxc:datafield tag="182" ind1=" " ind2="0">
<mxc:subfield code="6">01</mxc:subfield>
<mxc:subfield code="a">n</mxc:subfield>
</mxc:datafield>
<mxc:datafield tag="182" ind1=" " ind2=" ">
<mxc:subfield code="6">02</mxc:subfield>
<mxc:subfield code="c">n</mxc:subfield>
<mxc:subfield code="2">rdamedia</mxc:subfield>
</mxc:datafield>
<mxc:datafield tag="200" ind1="1" ind2=" ">
<mxc:subfield code="a">Peter Philips. Select Italian Madrigals, transcribed and edited by John Steele</mxc:subfield>
<mxc:subfield code="b">Musique imprimée</mxc:subfield>
</mxc:datafield>
<mxc:datafield tag="210" ind1=" " ind2=" ">
<mxc:subfield code="a">London</mxc:subfield>
<mxc:subfield code="c">Stainer and Bell</mxc:subfield>
<mxc:subfield code="d">1970</mxc:subfield>
</mxc:datafield>
<mxc:datafield tag="215" ind1=" " ind2=" ">
<mxc:subfield code="a">In-fol., XXIV-214 p., fac-sim.</mxc:subfield>
</mxc:datafield>
<mxc:datafield tag="225" ind1="|" ind2=" ">
<mxc:subfield code="a">Musica Britannica</mxc:subfield>
<mxc:subfield code="e">a national collection of music</mxc:subfield>
<mxc:subfield code="v">29</mxc:subfield>
</mxc:datafield>
<mxc:datafield tag="300" ind1=" " ind2=" ">
<mxc:subfield code="a">A la fin, textes littéraires des madrigaux , avec trad. angl. et notice sur leurs auteurs par Ena Mitchell</mxc:subfield>
</mxc:datafield>
<mxc:datafield tag="410" ind1=" " ind2="0">
<mxc:subfield code="0">39626436</mxc:subfield>
<mxc:subfield code="t">Musica Britannica</mxc:subfield>
<mxc:subfield code="x">0580-2954</mxc:subfield>
<mxc:subfield code="v">29</mxc:subfield>
</mxc:datafield>
<mxc:datafield tag="610" ind1="0" ind2=" ">
<mxc:subfield code="a">Madrigaux (musique) (16e siècle)</mxc:subfield>
</mxc:datafield>
<mxc:datafield tag="610" ind1="0" ind2=" ">
<mxc:subfield code="a">Madrigaux (musique) (17e siècle)</mxc:subfield>
</mxc:datafield>
<mxc:datafield tag="700" ind1=" " ind2="|">
<mxc:subfield code="3">13898447</mxc:subfield>
<mxc:subfield code="o">ISNI0000000109062003</mxc:subfield>
<mxc:subfield code="a">Philips</mxc:subfield>
<mxc:subfield code="b">Peter</mxc:subfield>
<mxc:subfield code="f">1560?-1628</mxc:subfield>
<mxc:subfield code="4">230</mxc:subfield>
</mxc:datafield>
<mxc:datafield tag="702" ind1=" " ind2="|">
<mxc:subfield code="3">16397943</mxc:subfield>
<mxc:subfield code="a">Mitchell</mxc:subfield>
<mxc:subfield code="b">Ena</mxc:subfield>
<mxc:subfield code="4">730</mxc:subfield>
<mxc:subfield code="4">340</mxc:subfield>
<mxc:subfield code="4">070</mxc:subfield>
</mxc:datafield>
<mxc:datafield tag="702" ind1=" " ind2="|">
<mxc:subfield code="3">16429133</mxc:subfield>
<mxc:subfield code="o">ISNI000000010822922X</mxc:subfield>
<mxc:subfield code="a">Steele</mxc:subfield>
<mxc:subfield code="b">John</mxc:subfield>
<mxc:subfield code="f">19..-....</mxc:subfield>
<mxc:subfield code="c">musicologue</mxc:subfield>
<mxc:subfield code="4">340</mxc:subfield>
</mxc:datafield>
<mxc:datafield tag="801" ind1=" " ind2="0">
<mxc:subfield code="a">FR</mxc:subfield>
<mxc:subfield code="b">FR-751131015</mxc:subfield>
<mxc:subfield code="c">20120319</mxc:subfield>
<mxc:subfield code="g">AFNOR</mxc:subfield>
<mxc:subfield code="h">FRBNF432018020000008</mxc:subfield>
<mxc:subfield code="2">intermrc</mxc:subfield>
</mxc:datafield>
<mxc:datafield tag="930" ind1=" " ind2=" ">
<mxc:subfield code="5">FR-751021003:43201802001001</mxc:subfield>
<mxc:subfield code="a">VMA-754 (29)</mxc:subfield>
<mxc:subfield code="b">759999999</mxc:subfield>
<mxc:subfield code="c">Richelieu - Musique - Libre accès</mxc:subfield>
<mxc:subfield code="d">N</mxc:subfield>
</mxc:datafield>
</mxc:record>      </srw:recordData>
<srw:recordIdentifier>ark:/12148/cb43201802c</srw:recordIdentifier>
<srw:recordPosition>45</srw:recordPosition>
<srw:extraRecordData>
<ixm:attr name="CreationDate">20130104</ixm:attr>
<ixm:attr name="LastModificationDate">20151201</ixm:attr>
<mn:score>4.460479</mn:score>
</srw:extraRecordData>
</srw:record>
<srw:record>
<srw:recordSchema>marcxchange</srw:recordSchema>
<srw:recordPacking>xml</srw:recordPacking>
<srw:recordData>  <srw:diagnostics>    <sd:diagnostic xmlns:sd="http://www.loc.gov/zing/srw/diagnostic/">      <sd:uri>info:srw/diagnostic/1/130</sd:uri>      <sd:message>problème de connexion</sd:message>    </sd:diagnostic>  </srw:diagnostics>      </srw:recordData>
<srw:recordIdentifier>ark:/12148/cb37768334v</srw:recordIdentifier>
<srw:recordPosition>46</srw:recordPosition>
<srw:extraRecordData>
<ixm:attr name="CreationDate">19971219</ixm:attr>
<ixm:attr name="LastModificationDate">20110303</ixm:attr>
<mn:score>4.453833</mn:score>
</srw:extraRecordData>
</srw:record>