
<srw:record>
<srw:recordSchema>marcxchange</srw:recordSchema>
<srw:recordPacking>xml</srw:recordPacking>
<srw:recordData>
<mxc:record xmlns:mxc="info:lc/xmlns/marcxchange-v2" format="UNIMARC" id="ark:/12148/cb36957840x" type="Bibliographic">
<mxc:leader>     nam  22     3  450 </mxc:leader>
<mxc:controlfield tag="001">FRBNF369578400000008</mxc:controlfield>
<mxc:controlfield tag="003">http://catalogue.bnf.fr/ark:/12148/cb36957840x</mxc:controlfield>
<mxc:datafield tag="010" ind1=" " ind2=" ">
<mxc:subfield code="a">3-7927-0912-0</mxc:subfield>
<mxc:subfield code="b">rel.</mxc:subfield>
</mxc:datafield>
<mxc:datafield tag="020" ind1=" " ind2=" ">
<mxc:subfield code="a">FR</mxc:subfield>
<mxc:subfield code="b">59803257</mxc:subfield>
</mxc:datafield>
<mxc:datafield tag="035" ind1=" " ind2=" ">
<mxc:subfield code="a">RLINDCLC90232126-B</mxc:subfield>
</mxc:datafield>
<mxc:datafield tag="039" ind1=" " ind2=" ">
<mxc:subfield code="o">OPL</mxc:subfield>
<mxc:subfield code="a">01890616X</mxc:subfield>
</mxc:datafield>
<mxc:datafield tag="100" ind1=" " ind2=" ">
<mxc:subfield code="a">19980312d1989    m  y0frey50      ba</mxc:subfield>
</mxc:datafield>
<mxc:datafield tag="101" ind1="0" ind2=" ">
<mxc:subfield code="a">ger</mxc:subfield>
</mxc:datafield>
<mxc:datafield tag="102" ind1=" " ind2=" ">
<mxc:subfield code="a">DE</mxc:subfield>
</mxc:datafield>
<mxc:datafield tag="105" ind1=" " ind2=" ">
<mxc:subfield code="a">a   g   00|||</mxc:subfield>
</mxc:datafield>
<mxc:datafield tag="106" ind1=" " ind2=" ">
<mxc:subfield code="a">r</mxc:subfield>
</mxc:datafield>
<mxc:datafield tag="181" ind1=" " ind2="0">
<mxc:subfield code="6">01</mxc:subfield>
<mxc:subfield code="a">i </mxc:subfield>
<mxc:subfield code="b">xxxe  </mxc:subfield>
<mxc:subfield code="a">b </mxc:subfield>
<mxc:subfield code="b">xb2e  </mxc:subfield>
</mxc:datafield>
<mxc:datafield tag="181" ind1=" " ind2=" ">
<mxc:subfield code="6">02</mxc:subfield>
<mxc:subfield code="c">txt</mxc:subfield>
<mxc:subfield code="c">sti</mxc:subfield>
<mxc:subfield code="2">rdacontent</mxc:subfield>
</mxc:datafield>
<mxc:datafield tag="182" ind1=" " ind2="0">
<mxc:subfield code="6">01</mxc:subfield>
<mxc:subfield code="a">n</mxc:subfield>
</mxc:datafield>
<mxc:datafield tag="182" ind1=" " ind2=" ">
<mxc:subfield code="6">02</mxc:subfield>
<mxc:subfield code="c">n</mxc:subfield>
<mxc:subfield code="2">rdamedia</mxc:subfield>
</mxc:datafield>
<mxc:datafield tag="200" ind1="1" ind2=" ">
<mxc:subfield code="a">Inventar der Urkunden des Pfarrarchivs St. Peter zu Zülpich</mxc:subfield>
<mxc:subfield code="b">Texte imprimé</mxc:subfield>
<mxc:subfield code="f">bearb. von Dieter Kastner</mxc:subfield>
</mxc:datafield>
<mxc:datafield tag="210" ind1=" " ind2=" ">
<mxc:subfield code="a">Köln</mxc:subfield>
<mxc:subfield code="c">Rheinland-Verl.</mxc:subfield>
<mxc:subfield code="a">Bonn</mxc:subfield>
<mxc:subfield code="c">In Kommission bei R. Habelt</mxc:subfield>
<mxc:subfield code="d">1989</mxc:subfield>
</mxc:datafield>
<mxc:datafield tag="215" ind1=" " ind2=" ">
<mxc:subfield code="a">240 p.,</mxc:subfield>
<mxc:subfield code="c">ill.</mxc:subfield>
<mxc:subfield code="d">23 cm</mxc:subfield>
</mxc:datafield>
<mxc:datafield tag="225" ind1="|" ind2=" ">
<mxc:subfield code="a">Inventare nichtstaatlicher Archive</mxc:subfield>
<mxc:subfield code="v">32</mxc:subfield>
</mxc:datafield>
<mxc:datafield tag="300" ind1=" " ind2=" ">
<mxc:subfield code="a">Notes bibliogr.Index</mxc:subfield>
</mxc:datafield>
<mxc:datafield tag="410" ind1=" " ind2="0">
<mxc:subfield code="0">34263119</mxc:subfield>
<mxc:subfield code="t">Inventare nichtstaatlicher Archive</mxc:subfield>
<mxc:subfield code="x">0535-5079</mxc:subfield>
<mxc:subfield code="v">32</mxc:subfield>
</mxc:datafield>
<mxc:datafield tag="601" ind1="|" ind2="|">
<mxc:subfield code="3">13187150</mxc:subfield>
<mxc:subfield code="a">Pfarrarchiv Sankt Peter</mxc:subfield>
<mxc:subfield code="c">Zülpich, Allemagne</mxc:subfield>
<mxc:subfield code="2">rameau</mxc:subfield>
</mxc:datafield>
<mxc:datafield tag="606" ind1=" " ind2=" ">
<mxc:subfield code="3">11976554</mxc:subfield>
<mxc:subfield code="a">Histoire religieuse</mxc:subfield>
<mxc:subfield code="3">13187164</mxc:subfield>
<mxc:subfield code="y">Zülpich (Allemagne)</mxc:subfield>
<mxc:subfield code="3">13318786</mxc:subfield>
<mxc:subfield code="x">Sources</mxc:subfield>
<mxc:subfield code="2">rameau</mxc:subfield>
</mxc:datafield>
<mxc:datafield tag="608" ind1=" " ind2=" ">
<mxc:subfield code="3">11975940</mxc:subfield>
<mxc:subfield code="a">Catalogues</mxc:subfield>
<mxc:subfield code="2">rameau</mxc:subfield>
</mxc:datafield>
<mxc:datafield tag="686" ind1=" " ind2=" ">
<mxc:subfield code="a">93 </mxc:subfield>
<mxc:subfield code="2">Cadre de classement de la Bibliographie nationale française</mxc:subfield>
</mxc:datafield>
<mxc:datafield tag="702" ind1=" " ind2="|">
<mxc:subfield code="3">12185954</mxc:subfield>
<mxc:subfield code="o">ISNI0000000108041307</mxc:subfield>
<mxc:subfield code="a">Kastner</mxc:subfield>
<mxc:subfield code="b">Dieter</mxc:subfield>
<mxc:subfield code="4">710</mxc:subfield>
</mxc:datafield>
<mxc:datafield tag="712" ind1="|" ind2="|">
<mxc:subfield code="3">13187150</mxc:subfield>
<mxc:subfield code="a">Pfarrarchiv Sankt Peter</mxc:subfield>
<mxc:subfield code="c">Zülpich, Allemagne</mxc:subfield>
<mxc:subfield code="4">340</mxc:subfield>
</mxc:datafield>
<mxc:datafield tag="801" ind1=" " ind2="3">
<mxc:subfield code="a">US</mxc:subfield>
<mxc:subfield code="b">RLIN</mxc:subfield>
<mxc:subfield code="c">19980312</mxc:subfield>
<mxc:subfield code="h">DCLC90232126-B</mxc:subfield>
<mxc:subfield code="2">marc21</mxc:subfield>
</mxc:datafield>
<mxc:datafield tag="930" ind1=" " ind2=" ">
<mxc:subfield code="5">FR-751131007:36957840001001</mxc:subfield>
<mxc:subfield code="a">1999-57272</mxc:subfield>
<mxc:subfield code="b">759999999</mxc:subfield>
<mxc:subfield code="c">Tolbiac - Rez de Jardin - Philosophie, histoire, sciences de l'homme - Magasin</mxc:subfield>
<mxc:subfield code="d">O</mxc:subfield>
</mxc:datafield>
</mxc:record>      </srw:recordData>
<srw:recordIdentifier>ark:/12148/cb36957840x</srw:recordIdentifier>
<srw:recordPosition>48</srw:recordPosition>
<srw:extraRecordData>
<ixm:attr name="CreationDate">19950404</ixm:attr>
<ixm:attr name="LastModificationDate">20200219</ixm:attr>
<mn:score>4.4537125</mn:score>
</srw:extraRecordData>
</srw:record>