
<srw:record>
<srw:recordSchema>marcxchange</srw:recordSchema>
<srw:recordPacking>xml</srw:recordPacking>
<srw:recordData>
<mxc:record xmlns:mxc="info:lc/xmlns/marcxchange-v2" format="UNIMARC" id="ark:/12148/cb42938540g" type="Bibliographic">
<mxc:leader>     ncm  22     3  450 </mxc:leader>
<mxc:controlfield tag="001">FRBNF429385400000002</mxc:controlfield>
<mxc:controlfield tag="003">http://catalogue.bnf.fr/ark:/12148/cb42938540g</mxc:controlfield>
<mxc:datafield tag="039" ind1=" " ind2=" ">
<mxc:subfield code="o">MUS</mxc:subfield>
<mxc:subfield code="a">FG015705250001PA </mxc:subfield>
</mxc:datafield>
<mxc:datafield tag="071" ind1="2" ind2="1">
<mxc:subfield code="a">B. &amp; H. 20430</mxc:subfield>
</mxc:datafield>
<mxc:datafield tag="100" ind1=" " ind2=" ">
<mxc:subfield code="a">20090121d1979    u  y0frey50      ba</mxc:subfield>
</mxc:datafield>
<mxc:datafield tag="101" ind1="0" ind2=" ">
<mxc:subfield code="a">fre</mxc:subfield>
</mxc:datafield>
<mxc:datafield tag="102" ind1=" " ind2=" ">
<mxc:subfield code="a">ZZ</mxc:subfield>
</mxc:datafield>
<mxc:datafield tag="106" ind1=" " ind2=" ">
<mxc:subfield code="a">r</mxc:subfield>
</mxc:datafield>
<mxc:datafield tag="128" ind1=" " ind2=" ">
<mxc:subfield code="a">uu </mxc:subfield>
</mxc:datafield>
<mxc:datafield tag="181" ind1=" " ind2="0">
<mxc:subfield code="6">01</mxc:subfield>
<mxc:subfield code="a">d </mxc:subfield>
<mxc:subfield code="b">axxe  </mxc:subfield>
</mxc:datafield>
<mxc:datafield tag="181" ind1=" " ind2=" ">
<mxc:subfield code="6">02</mxc:subfield>
<mxc:subfield code="c">ntm</mxc:subfield>
<mxc:subfield code="2">rdacontent</mxc:subfield>
</mxc:datafield>
<mxc:datafield tag="182" ind1=" " ind2="0">
<mxc:subfield code="6">01</mxc:subfield>
<mxc:subfield code="a">n</mxc:subfield>
</mxc:datafield>
<mxc:datafield tag="182" ind1=" " ind2=" ">
<mxc:subfield code="6">02</mxc:subfield>
<mxc:subfield code="c">n</mxc:subfield>
<mxc:subfield code="2">rdamedia</mxc:subfield>
</mxc:datafield>
<mxc:datafield tag="200" ind1="1" ind2=" ">
<mxc:subfield code="a">4 Instrumental motets</mxc:subfield>
<mxc:subfield code="b">Musique imprimée</mxc:subfield>
<mxc:subfield code="e">from early Scottish originals</mxc:subfield>
<mxc:subfield code="f"> Peter Maxwell Davies</mxc:subfield>
</mxc:datafield>
<mxc:datafield tag="208" ind1=" " ind2=" ">
<mxc:subfield code="a">Full score</mxc:subfield>
</mxc:datafield>
<mxc:datafield tag="210" ind1=" " ind2=" ">
<mxc:subfield code="a">London</mxc:subfield>
<mxc:subfield code="a">Paris</mxc:subfield>
<mxc:subfield code="a">Bonn</mxc:subfield>
<mxc:subfield code="c">Boosey and Hawkes</mxc:subfield>
<mxc:subfield code="d">1979</mxc:subfield>
</mxc:datafield>
<mxc:datafield tag="215" ind1=" " ind2=" ">
<mxc:subfield code="a">1 partition (27 p.)</mxc:subfield>
<mxc:subfield code="d">31 cm</mxc:subfield>
</mxc:datafield>
<mxc:datafield tag="610" ind1="0" ind2=" ">
<mxc:subfield code="a">Orchestre, Musique d' (20e siècle)</mxc:subfield>
</mxc:datafield>
<mxc:datafield tag="700" ind1=" " ind2="|">
<mxc:subfield code="3">14789354</mxc:subfield>
<mxc:subfield code="o">ISNI0000000120273020</mxc:subfield>
<mxc:subfield code="a">Davies</mxc:subfield>
<mxc:subfield code="b">Peter Maxwell</mxc:subfield>
<mxc:subfield code="f">1934-2016</mxc:subfield>
<mxc:subfield code="4">230</mxc:subfield>
</mxc:datafield>
<mxc:datafield tag="801" ind1=" " ind2="0">
<mxc:subfield code="a">FR</mxc:subfield>
<mxc:subfield code="b">FR-751131015</mxc:subfield>
<mxc:subfield code="c">20090121</mxc:subfield>
<mxc:subfield code="g">AFNOR</mxc:subfield>
<mxc:subfield code="h">FRBNF429385400000002</mxc:subfield>
<mxc:subfield code="2">intermrc</mxc:subfield>
</mxc:datafield>
<mxc:datafield tag="930" ind1=" " ind2=" ">
<mxc:subfield code="5">FR-751021003:42938540001001</mxc:subfield>
<mxc:subfield code="a">VMG-21359</mxc:subfield>
<mxc:subfield code="b">759999999</mxc:subfield>
<mxc:subfield code="c">Richelieu - Musique - Magasin</mxc:subfield>
<mxc:subfield code="d">N</mxc:subfield>
</mxc:datafield>
</mxc:record>      </srw:recordData>
<srw:recordIdentifier>ark:/12148/cb42938540g</srw:recordIdentifier>
<srw:recordPosition>49</srw:recordPosition>
<srw:extraRecordData>
<ixm:attr name="CreationDate">20130106</ixm:attr>
<ixm:attr name="LastModificationDate">20130106</ixm:attr>
<mn:score>4.453636</mn:score>
</srw:extraRecordData>
</srw:record>