
<srw:record>
<srw:recordSchema>marcxchange</srw:recordSchema>
<srw:recordPacking>xml</srw:recordPacking>
<srw:recordData>
<mxc:record xmlns:mxc="info:lc/xmlns/marcxchange-v2" format="UNIMARC" id="ark:/12148/cb466222463" type="Bibliographic">
<mxc:leader>     ccm  22        450 </mxc:leader>
<mxc:controlfield tag="001">FRBNF466222460000008</mxc:controlfield>
<mxc:controlfield tag="003">http://catalogue.bnf.fr/ark:/12148/cb466222463</mxc:controlfield>
<mxc:datafield tag="013" ind1=" " ind2=" ">
<mxc:subfield code="a">979-0-56025-002-1</mxc:subfield>
<mxc:subfield code="b">br.</mxc:subfield>
<mxc:subfield code="d">20 EUR</mxc:subfield>
</mxc:datafield>
<mxc:datafield tag="020" ind1=" " ind2=" ">
<mxc:subfield code="a">FR</mxc:subfield>
<mxc:subfield code="b">32001025</mxc:subfield>
</mxc:datafield>
<mxc:datafield tag="071" ind1="2" ind2="1">
<mxc:subfield code="a">JPS129001</mxc:subfield>
</mxc:datafield>
<mxc:datafield tag="073" ind1=" " ind2="0">
<mxc:subfield code="a">9790560250021</mxc:subfield>
</mxc:datafield>
<mxc:datafield tag="100" ind1=" " ind2=" ">
<mxc:subfield code="a">20200925d2020    u  y0frey50      ba</mxc:subfield>
</mxc:datafield>
<mxc:datafield tag="101" ind1="0" ind2=" ">
<mxc:subfield code="a">ger</mxc:subfield>
<mxc:subfield code="a">eng</mxc:subfield>
</mxc:datafield>
<mxc:datafield tag="102" ind1=" " ind2=" ">
<mxc:subfield code="a">FR</mxc:subfield>
</mxc:datafield>
<mxc:datafield tag="106" ind1=" " ind2=" ">
<mxc:subfield code="a">r</mxc:subfield>
</mxc:datafield>
<mxc:datafield tag="125" ind1=" " ind2=" ">
<mxc:subfield code="a">yz</mxc:subfield>
</mxc:datafield>
<mxc:datafield tag="128" ind1=" " ind2=" ">
<mxc:subfield code="a">li </mxc:subfield>
</mxc:datafield>
<mxc:datafield tag="181" ind1=" " ind2="0">
<mxc:subfield code="6">01</mxc:subfield>
<mxc:subfield code="a">d </mxc:subfield>
<mxc:subfield code="b">axxe  </mxc:subfield>
</mxc:datafield>
<mxc:datafield tag="181" ind1=" " ind2=" ">
<mxc:subfield code="6">02</mxc:subfield>
<mxc:subfield code="c">ntm</mxc:subfield>
<mxc:subfield code="2">rdacontent</mxc:subfield>
</mxc:datafield>
<mxc:datafield tag="182" ind1=" " ind2="0">
<mxc:subfield code="6">01</mxc:subfield>
<mxc:subfield code="a">n</mxc:subfield>
</mxc:datafield>
<mxc:datafield tag="182" ind1=" " ind2=" ">
<mxc:subfield code="6">02</mxc:subfield>
<mxc:subfield code="c">n</mxc:subfield>
<mxc:subfield code="2">rdamedia</mxc:subfield>
</mxc:datafield>
<mxc:datafield tag="200" ind1="1" ind2=" ">
<mxc:subfield code="a">Lieder</mxc:subfield>
<mxc:subfield code="b">Musique imprimée</mxc:subfield>
<mxc:subfield code="e">recueil de 15 lieder pour voix moyennes et voix élevées</mxc:subfield>
<mxc:subfield code="f">Peter Burian</mxc:subfield>
</mxc:datafield>
<mxc:datafield tag="210" ind1=" " ind2=" ">
<mxc:subfield code="a">Villemer</mxc:subfield>
<mxc:subfield code="c">les Éditions Artchipel</mxc:subfield>
<mxc:subfield code="d">[2020]</mxc:subfield>
</mxc:datafield>
<mxc:datafield tag="214" ind1=" " ind2="0">
<mxc:subfield code="a">Villemer</mxc:subfield>
<mxc:subfield code="c">les Éditions Artchipel</mxc:subfield>
<mxc:subfield code="d">[2020]</mxc:subfield>
</mxc:datafield>
<mxc:datafield tag="215" ind1=" " ind2=" ">
<mxc:subfield code="a">55-IX p.</mxc:subfield>
<mxc:subfield code="c">portr.</mxc:subfield>
<mxc:subfield code="d">30 cm</mxc:subfield>
</mxc:datafield>
<mxc:datafield tag="300" ind1=" " ind2=" ">
<mxc:subfield code="a">Réunit les Lieder op. 4, 7, 12, 13</mxc:subfield>
</mxc:datafield>
<mxc:datafield tag="300" ind1=" " ind2=" ">
<mxc:subfield code="a">En annexe : "2 Klavierstücke aus der frühen Jugend", op. 1 et op. 2</mxc:subfield>
</mxc:datafield>
<mxc:datafield tag="300" ind1=" " ind2=" ">
<mxc:subfield code="a">Notice biographique</mxc:subfield>
</mxc:datafield>
<mxc:datafield tag="300" ind1=" " ind2=" ">
<mxc:subfield code="a">Textes avec traductions en français et anglais</mxc:subfield>
</mxc:datafield>
<mxc:datafield tag="608" ind1=" " ind2=" ">
<mxc:subfield code="3">15884471</mxc:subfield>
<mxc:subfield code="a">Lieder (voix moyenne) acc. de piano</mxc:subfield>
<mxc:subfield code="3">13536525</mxc:subfield>
<mxc:subfield code="z">+* 2000......- 9900......+:2000-....:</mxc:subfield>
<mxc:subfield code="2">rameau</mxc:subfield>
</mxc:datafield>
<mxc:datafield tag="608" ind1=" " ind2=" ">
<mxc:subfield code="3">15884488</mxc:subfield>
<mxc:subfield code="a">Lieder (voix aiguë) acc. de piano</mxc:subfield>
<mxc:subfield code="3">13536525</mxc:subfield>
<mxc:subfield code="z">+* 2000......- 9900......+:2000-....:</mxc:subfield>
<mxc:subfield code="2">rameau</mxc:subfield>
</mxc:datafield>
<mxc:datafield tag="608" ind1=" " ind2=" ">
<mxc:subfield code="3">14630173</mxc:subfield>
<mxc:subfield code="a">Mélodies anglaises</mxc:subfield>
<mxc:subfield code="3">11975995</mxc:subfield>
<mxc:subfield code="z">+* 1900......- 1999......+:20e siècle:</mxc:subfield>
<mxc:subfield code="2">rameau</mxc:subfield>
</mxc:datafield>
<mxc:datafield tag="608" ind1=" " ind2=" ">
<mxc:subfield code="3">12522332</mxc:subfield>
<mxc:subfield code="a">Mélodies (voix moyenne) acc. de piano</mxc:subfield>
<mxc:subfield code="3">11975995</mxc:subfield>
<mxc:subfield code="z">+* 1900......- 1999......+:20e siècle:</mxc:subfield>
<mxc:subfield code="2">rameau</mxc:subfield>
</mxc:datafield>
<mxc:datafield tag="686" ind1=" " ind2=" ">
<mxc:subfield code="a">121</mxc:subfield>
<mxc:subfield code="2">Cadre de classement de la Bibliographie nationale française</mxc:subfield>
</mxc:datafield>
<mxc:datafield tag="700" ind1=" " ind2="|">
<mxc:subfield code="3">13929693</mxc:subfield>
<mxc:subfield code="o">ISNI0000000119050292</mxc:subfield>
<mxc:subfield code="a">Burian</mxc:subfield>
<mxc:subfield code="b">Peter</mxc:subfield>
<mxc:subfield code="f">1951-....</mxc:subfield>
<mxc:subfield code="4">230</mxc:subfield>
</mxc:datafield>
<mxc:datafield tag="801" ind1=" " ind2="0">
<mxc:subfield code="a">FR</mxc:subfield>
<mxc:subfield code="b">FR-751131015</mxc:subfield>
<mxc:subfield code="c">20200925</mxc:subfield>
<mxc:subfield code="g">AFNOR</mxc:subfield>
<mxc:subfield code="h">FRBNF466222460000008</mxc:subfield>
<mxc:subfield code="2">intermrc</mxc:subfield>
</mxc:datafield>
<mxc:datafield tag="930" ind1=" " ind2=" ">
<mxc:subfield code="5">FR-751021003:46622246001001</mxc:subfield>
<mxc:subfield code="a">VMB-13759</mxc:subfield>
<mxc:subfield code="b">759999999</mxc:subfield>
<mxc:subfield code="c">Richelieu - Musique - Magasin</mxc:subfield>
<mxc:subfield code="d">N</mxc:subfield>
</mxc:datafield>
</mxc:record>      </srw:recordData>
<srw:recordIdentifier>ark:/12148/cb466222463</srw:recordIdentifier>
<srw:recordPosition>50</srw:recordPosition>
<srw:extraRecordData>
<ixm:attr name="CreationDate">20200925</ixm:attr>
<ixm:attr name="LastModificationDate">20210201</ixm:attr>
<mn:score>4.4535303</mn:score>
</srw:extraRecordData>
</srw:record>
</srw:records>
<srw:nextRecordPosition>51</srw:nextRecordPosition>
</srw:searchRetrieveResponse>
